1971 3342
424 265 437 287 1
447 250 493 288 56
952 257 990 291 C.
1018 255 1243 292 SUETONII

421 334 568 380 eadem
596 346 909 395 contemneret,
935 349 977 383 et
1002 340 1215 400 proferret
1242 337 1375 395 ultro,
1401 347 1529 399 atque
1559 337 1767 400 vulgaret.
1798 329 1802 334 ¹

421 415 542 471 Quin
561 425 602 459 et
616 417 850 474 Artabani,
875 405 1135 462 Parthorum
1154 419 1286 480 regiS,
1308 417 1769 471 laceratusestlitteris‚

421 494 653 554 parricidia
678 505 720 539 et
741 495 873 539 caedes
901 506 944 540 et
969 497 1183 557 ignaviam
1203 507 1244 540 et
1270 496 1487 541 luxuriam
1511 495 1771 556 objicientis,

422 575 741 635 monentisque,
758 584 806 619 ut
824 574 1068 620 voluntaria
1085 586 1224 621 morte
1247 576 1434 619 maximo
1449 575 1774 636 justissimoque

421 651 578 695 civium
601 653 699 697 odio
728 654 1047 714 quamprimum
1069 655 1340 699 satisfaceret.

488 732 664 775 LXVII.
699 734 923 776 Postremo
953 735 1177 795 semetipse
1209 743 1440 794 pertaesus,
1473 733 1548 778 tali
1586 731 1774 793 epistolae

423 810 635 869 principio
664 820 833 855 tantum
860 828 947 856 non
981 829 1192 857 summam
1223 812 1438 857 malorum
1472 828 1649 856 suorum
1677 827 1776 872 pro-

422 888 555 932 fessus
580 899 670 933 est:
695 891 849 949 «Quid
878 893 1059 936 scribam
1092 893 1234 949 vobis,
1258 903 1400 954 patres
1428 893 1683 953 conscripti,
1704 901 1777 935 aut

423 969 641 1026 quomodo
665 971 869 1024 scribam,
891 981 966 1015 aut
992 972 1096 1031 quid
1124 974 1302 1015 omnino
1331 989 1420 1015 non
1451 972 1663 1027 scribam,
1692 970 1776 1014 hoc

423 1055 639 1106 tempore,
664 1048 720 1091 dii
746 1066 812 1092 me
837 1049 1011 1110 deaeque
1036 1052 1157 1111 pejus
1186 1051 1369 1110 perdant
1386 1085 1397 1106 ‚
1424 1067 1552 1109 quam
1586 1049 1777 1109 quotidie

424 1126 563 1184 perire
582 1128 740 1180 sentio,
757 1129 789 1170 si
809 1129 908 1172 scio.
923 1148 942 1169 ))
966 1130 1226 1173 Existimant
1239 1128 1668 1189 quidam7praescisse
1686 1128 1777 1171 haec

422 1219 521 1245 eum
545 1205 700 1263 peritia
721 1205 968 1250 futurorum
989 1224 1064 1250 :ac
1087 1206 1226 1251 multo
1250 1217 1369 1264 ante⁷
1395 1217 1557 1267 quanta
1582 1223 1625 1250 se
1644 1222 1779 1266 quan-

422 1281 563 1341 doque
589 1284 797 1328 acerbitas
822 1296 863 1329 et
891 1286 1067 1331 infamia
1094 1296 1314 1344 maneret,
1339 1288 1634 1348 prospexisse3
1659 1285 1776 1329 ideo-

423 1378 530 1419 que,
554 1372 602 1406 ut
630 1364 858 1424 imperium
882 1366 1049 1423 inierit,
1071 1376 1114 1409 et
1140 1382 1298 1410 PATRIS
1324 1383 1500 1410 PATmAE
1527 1364 1779 1426 appellatio·
1805 1382 1808 1396 ³

422 1457 518 1483 nem
535 1475 546 1497 ,
575 1452 638 1496 et,
663 1459 716 1486 ne
741 1444 784 1486 in
812 1454 906 1488 acta
934 1461 1010 1488 sua
1030 1445 1264 1504 juraretur,
1289 1445 1622 1489 obstinatissime
1651 1460 1776 1486 recu-

423 1535 558 1576 sasse,
584 1537 636 1565 ne
662 1538 762 1565 mox
790 1524 952 1584 majore
980 1523 1189 1568 dedecore
1215 1526 1353 1585 impar
1380 1524 1512 1567 tantis
1540 1522 1778 1566 honoribus

422 1599 703 1644 inveniretur.
740 1602 871 1659 Quod
905 1619 1006 1647 sane
1037 1614 1080 1647 et
1110 1620 1161 1647 ex
1193 1605 1387 1648 oratione
1424 1604 1536 1664 ejus,
1569 1618 1699 1663 quam
1728 1600 1778 1645 de

424 1687 604 1739 utraque
634 1697 678 1723 re
703 1681 875 1737 habuit,
898 1681 1042 1743 colligi
1071 1693 1241 1743 potest:
1261 1682 1328 1727 vel
1353 1699 1489 1743 quum
1510 1683 1596 1738 ait,
1620 1682 1778 1726 «Simi-

422 1755 505 1799 lem
547 1775 591 1801 se
624 1775 793 1820 semper
825 1762 890 1804 sui
927 1761 1143 1818 futurum,
1176 1779 1254 1806 nec
1286 1778 1479 1822 unquam
1510 1770 1779 1805 mutaturum
1806 1821 1811 1825 ἱ

422 1853 561 1881 mores
588 1855 708 1896 suos,
733 1840 942 1900 quamdiu
971 1858 1082 1885 sanae
1105 1843 1260 1886 mentis
1287 1843 1436 1887 fuisset
1464 1859 1473 1886 ε
1498 1842 1572 1886 sed
1596 1840 1779 1901 exempli

419 1931 548 1959 causa
573 1918 814 1962 cavendum
839 1936 954 1977 esse,
983 1937 1038 1965 ne
1063 1937 1107 1965 se
1131 1930 1304 1965 senatus
1331 1922 1376 1964 in
1402 1931 1496 1965 acta
1523 1921 1779 1981 cujusquam

420 1994 648 2057 obligaret,
675 1999 749 2057 qui
783 1997 930 2059 aliquo
962 2017 1063 2044 casu
1094 2001 1252 2044 mutari
1283 2010 1477 2061 posset.»
1509 2003 1566 2045 Et
1596 2017 1777 2044 rursus:

418 2093 438 2113 <c
452 2075 495 2117 Si
513 2075 687 2134 quando
705 2087 871 2131 autem,
898 2079 1040 2137 inquit
1056 2113 1067 2134 ‚
1094 2078 1145 2121 de
1167 2079 1364 2123 moribus
1380 2080 1507 2135 meis,
1534 2079 1780 2139 devotoque

417 2153 538 2196 vobis
553 2155 697 2197 animo
713 2155 1007 2200 dubitaveritis
1028 2157 1163 2218 (quod
1178 2159 1431 2218 priusquam
1452 2159 1640 2214 eveniat,
1660 2168 1778 2218 opto,

417 2241 464 2274 ut
488 2249 554 2274 me
573 2250 798 2293 supremus
822 2234 911 2278 (lies
929 2236 1030 2279 huic
1047 2246 1224 2281 mutatae
1244 2248 1397 2281 vestrae
1418 2237 1470 2281 de
1493 2253 1562 2281 me
1585 2238 1779 2298 opinioni

415 2311 623 2370 eripiat),
653 2311 759 2354 nihil
786 2313 965 2357 honoris
989 2314 1161 2374 adjiciet
1189 2317 1296 2359 mihi
1324 2332 1485 2361 PATRIS
1509 2333 1685 2361 PATmAE
1704 2332 1778 2375 ap-

412 2387 608 2448 pellati03
632 2391 753 2434 vobis
775 2402 920 2435 autem
940 2394 1222 2454 exprobrabit
1246 2404 1321 2438 aut
1342 2397 1630 2439 temeritatem
1649 2394 1777 2438 delati

412 2469 517 2511 mihi
536 2469 626 2528 eJ‘us
640 2471 930 2531 cognominiS‚
953 2480 1028 2516 aut
1047 2474 1384 2518 inconstantiam
1409 2475 1616 2519 contrarii
1639 2474 1691 2517 de
1711 2491 1778 2516 mc

410 2547 575 2605 judicii.
596 2567 616 2587 »

476 2628 673 2670 LXVIII.
712 2631 907 2687 Corpore
932 2629 1013 2671 suit
1037 2630 1180 2689 amplo
1202 2641 1330 2690 atque
1354 2633 1558 2676 robusto:
1583 2640 1747 2675 statura
1764 2623 1799 2688 '.
