1988 3407
798 211 950 246 OTHO.
1540 224 1556 244 :t
1571 225 1581 245 1

191 296 678 359 appropinquantibus,
714 294 910 338 animum
953 292 1170 353 fidemque
1215 295 1581 354 pizetorianoruin

192 395 296 441 erga
322 396 366 423 se
395 394 518 439 paene
548 375 850 421 internecione
883 372 1141 434 amplissimi
1171 373 1340 418 ordinis
1379 387 1588 436 expertus

191 470 269 503 est.
295 461 349 503 Et
375 458 602 520 placuerat
629 472 708 517 per
735 454 983 500 classiarios
1004 470 1127 498 arma
1150 455 1406 509 transferri,
1440 457 1587 500 remit-

194 541 315 601 tique
349 540 548 584 navibus.
578 540 641 582 Ea
669 553 808 598 quum
840 537 884 579 in
913 536 1066 580 castris
1096 535 1177 579 sub
1209 545 1381 580 noctem
1409 554 1583 597 prome-

193 631 362 673 rentur,
396 618 574 664 insidias
610 616 791 679 quidam
823 617 1057 678 suspicati,
1090 614 1331 660 tumultum
1367 617 1583 661 excitave-

195 712 298 746 runt
326 719 334 745 :
359 717 409 745 ac
433 709 614 761 repente
635 715 811 753 omnes,
834 696 957 742 nullo
986 707 1109 741 certo
1135 696 1271 753 duee,
1301 698 1343 740 in
1371 696 1587 741 Palatium

194 790 516 837 cucurrerunt,
550 779 711 824 caedem
757 789 932 823 senatus
967 778 1214 840 flagitantes
1259 795 1267 821 :
1313 776 1587 839 repulsisque

195 863 504 917 tribunorum,
528 862 604 923 qui
635 861 833 906 inhibere
854 860 1112 916 tentabant,
1149 858 1375 903 nonnullis
1403 869 1445 903 et
1474 860 1587 904 occi-

193 946 271 1000 sis,
296 944 408 988 sicut
432 952 558 988 erant
576 943 778 998 cruenti,
799 941 981 986 ubinam
1005 943 1248 1002 imperator
1277 950 1413 997 esset,
1444 942 1593 1002 requi-

193 1035 364 1083 rentes,
389 1035 693 1087 perruperunt
728 1026 772 1068 in
808 1022 1050 1069 triclinium
1078 1039 1240 1084 usque,
1281 1040 1362 1066 nec
1388 1024 1469 1067 nisi
1499 1024 1591 1067 viso

194 1106 471 1151 destiterunt.
509 1104 847 1167 Expeditionem
876 1114 1024 1148 autem
1063 1104 1248 1165 impigre
1291 1113 1422 1164 atque
1457 1105 1590 1148 etiam

196 1203 475 1249 praepropere
506 1187 756 1241 inchoavit,
795 1184 938 1241 nulla,
979 1202 1034 1229 ne
1072 1184 1336 1246 religionum
1384 1184 1591 1245 quidem,

197 1285 301 1313 cura
319 1304 330 1324 ,
355 1267 429 1313 sed
456 1278 498 1312 et
524 1268 654 1312 motis
678 1266 867 1312 necdum
885 1265 1074 1311 conditis
1093 1265 1337 1323 ancilibus,
1365 1265 1486 1327 quod
1513 1282 1593 1310 an-

198 1350 382 1410 tiquitus
409 1349 652 1393 infaustum
684 1348 899 1402 liabetur3
927 1357 969 1391 et
1004 1347 1098 1403 die,
1124 1364 1213 1408 quo
1240 1345 1429 1392 cultores
1467 1347 1597 1391 deum

196 1432 350 1476 matris
375 1430 606 1475 lamentari
629 1440 672 1475 et
697 1429 906 1491 plangere
931 1430 1187 1490 incipiunt3
1213 1439 1425 1490 praeterea
1443 1429 1598 1473 adver-

197 1514 377 1558 sissimis
402 1513 622 1575 auspiciis.
646 1513 760 1555 Nam
787 1520 829 1555 et
855 1511 1034 1555 victima
1052 1511 1146 1554 Diti
1168 1511 1282 1571 patri
1304 1527 1412 1554 caesa
1432 1509 1595 1562 litavit;

197 1611 335 1655 quum
354 1593 429 1638 tali
453 1592 666 1638 sacrificio
688 1593 912 1638 contraria
931 1600 1027 1636 exta
1050 1592 1225 1652 potiora
1248 1591 1348 1634 sint.
1372 1593 1428 1635 Et
1450 1592 1593 1652 primo

196 1692 373 1738 egressu
394 1673 758 1719 inundationibus
776 1673 947 1717 Tiberis
970 1671 1241 1726 retardatus,
1260 1670 1313 1714 ad
1340 1671 1596 1716 vicesimum

198 1757 329 1800 etiam
371 1754 560 1816 lapidem
599 1756 723 1798 ruina
759 1752 1047 1797 aedificiorum
1082 1751 1339 1813 praeclusam
1384 1753 1499 1795 viam
1534 1752 1599 1795 of-

201 1836 353 1881 fendit.

270 1919 348 1962 lx.
377 1918 516 1961 Simili
546 1919 791 1961 temeritate
807 1952 818 1971 ,
842 1917 1045 1977 quamvis
1067 1916 1250 1960 dubium
1276 1916 1441 1959 nemini
1465 1925 1601 1967 esset,

205 2000 312 2060 quin
332 1999 447 2043 tralii
470 1997 632 2042 bellum
657 2007 905 2058 oporteret,
928 1997 1107 2057 quando
1129 2007 1171 2040 et
1191 1997 1303 2040 fame
1324 2006 1365 2040 et
1388 1995 1601 2056 angustiis

204 2079 404 2124 locorum
428 2089 661 2140 urgeretur
679 2079 813 2122 liostis
826 2113 836 2133 ,
853 2094 985 2138 quam
1004 2078 1198 2138 primum
1215 2087 1363 2120 tamen
1379 2075 1603 2120 decertare,

204 2162 358 2205 statuit
384 2179 393 2204 :
417 2161 507 2204 sive
537 2161 767 2221 impatiens
799 2158 1009 2221 longioris
1036 2157 1345 2202 sollicitudinis
1363 2193 1373 2213 ,
1403 2173 1604 2218 sperans-

210 2260 296 2304 que
326 2252 427 2285 ante
456 2239 621 2285 Vitellii
652 2240 889 2284 adxentum
922 2238 1147 2300 profligari
1177 2237 1415 2300 plurimum
1448 2254 1602 2298 posse;

208 2325 299 2368 sive
324 2325 465 2384 impar
489 2321 676 2368 militum
703 2322 877 2378 ardori,
901 2338 1095 2383 pugnam
1122 2320 1469 2381 deposcentium.
1512 2319 1605 2362 Nec

210 2404 286 2449 ulli
314 2420 473 2465 pugna:
499 2402 662 2449 adfuit.
702 2402 982 2462 substititque
1019 2400 1208 2445 Brixelli.
1242 2403 1297 2444 Et
1324 2401 1465 2444 tribus
1504 2400 1604 2458 qui-

209 2485 333 2542 dem,
357 2501 507 2529 verum
531 2483 826 2528 mediocribus
854 2482 1038 2544 proeliis,
1068 2481 1187 2542 apud
1218 2480 1372 2542 Alpes,
1402 2481 1604 2540 circaque

207 2567 501 2622 Placentiam,
523 2578 562 2609 et
586 2567 636 2610 :nl
661 2567 875 2622 Castoris,
902 2564 1020 2626 qnod
1049 2564 1146 2609 loco
1173 2580 1331 2607 nomen
1364 2572 1449 2615 est,
1478 2562 1604 2604 vicit:

213 2650 450 2693 novissimo
475 2649 752 2707 maximoque
777 2646 891 2708 apud
920 2647 1167 2691 Betriacum
1192 2644 1345 2688 fraude
1369 2652 1602 2704 superatus
