1971 3342
368 240 439 279 214
987 237 1021 273 N
1026 237 1141 275 OTAE

419 315 505 349 Car.
532 314 635 352 VIII.
658 312 898 351 Archelaum.
920 315 1172 364 Cappadociae
1192 329 1332 366 regem.

419 376 593 412 Murena.
635 377 693 413 De
725 375 993 424 conjuratione
1022 378 1157 415 Fannii
1187 377 1380 428 Coepionis
1409 384 1446 414 et
1476 378 1645 416 Murenae
1678 380 1766 418 vide

365 451 447 486 sup.
471 441 595 487 Aug.5
627 452 709 477 x1x.

417 503 602 536 Annonoe.
624 502 671 537 A.
691 502 738 538 U.
772 501 858 547 732.
878 502 998 547 Vell.‚
1020 515 1075 548 11,
1097 507 1147 551 94
1175 516 1183 538 :
1214 504 1416 550 «Quaestor
1445 501 1767 542 undevicesimum

363 574 507 598 annum
526 575 663 612 agens,
682 576 879 612 capessere
905 564 1021 613 coepit
1047 564 1341 612 rempublicam,
1359 564 1638 614 maximamque
1659 566 1766 603 diffi-

364 625 541 661 cultatem
567 638 727 662 annonae
758 639 800 662 ac
827 626 883 662 rei
902 625 1155 664 flumentariae
1182 626 1351 676 inopiam
1380 627 1431 664 ita
1456 627 1570 664 Ostiae
1591 635 1707 677 atque
1728 629 1767 666 in

364 687 473 724 Urbe
499 688 682 725 mandato
715 688 841 725 vitrici
871 690 1092 727 moderatus
1119 697 1194 737 est,
1225 697 1268 726 ut
1304 703 1376 738 per
1401 690 1442 727 id
1477 690 1586 740 quod
1611 690 1771 741 agebat,

365 756 530 798 quantus
552 763 736 788 evasurus
762 758 882 799 esset,
903 751 1080 788 eluceret.
1103 767 1123 785 n

417 821 721 870 Ergastulorum.
755 822 860 868 Quid
885 822 1030 859 fuerint
1055 825 1246 872 ergastula
1271 822 1491 861 monuimus
1519 824 1559 860 in
1584 826 1765 874 August„

362 894 487 918 nexu.

416 945 706 992 Summmerem.
729 946 817 982 Scil.
849 945 888 981 in
909 944 1071 982 vinculis
1089 945 1286 982 haberent.

417 1007 552 1043 filetus.
576 1009 633 1044 Ne
657 1007 798 1044 militiae
818 1008 908 1044 dare
927 1020 1069 1045 nomen
1088 1014 1326 1058 cogerentur.

418 1079 504 1113 CAP.
521 1079 591 1114 IX.
616 1078 848 1114 Cantabrica.
869 1078 969 1114 Vide
988 1091 1125 1126 supra,
1146 1080 1266 1126 Aug„
1289 1091 1351 1114 xx.

420 1140 585 1188 D'gram'.
608 1141 663 1176 Cf.
686 1142 829 1186 νειμ,
852 1153 906 1186 11,
927 1145 976 1189 94
990 1168 1000 1187 ,
1020 1140 1088 1177 ubi
1109 1140 1250 1189 legitur
1276 1154 1285 1177 z
1306 1142 1511 1190 «Regnum
1539 1140 1622 1188 ejus
1652 1145 1769 1177 Arta-

362 1203 472 1236 uasdi
496 1201 615 1237 dedit.
635 1219 648 1233 n

418 1273 597 1321 Alpinas.
616 1275 662 1309 A.
689 1275 734 1310 U.
758 1273 847 1322 739.
880 1274 999 1319 Vell.‚
1028 1287 1087 1319 11,
1116 1272 1167 1321 95
1197 1285 1206 1308 :
1234 1273 1465 1321 «Uterque,
1490 1272 1619 1309 divisis
1646 1273 1770 1322 parti-

361 1336 453 1381 bus,
472 1335 626 1370 Rhaetos
638 1335 937 1384 Vindelicosque
958 1335 1145 1385 aggressi,
1159 1334 1288 1370 multis
1308 1335 1465 1371 urbium
1479 1342 1516 1371 et
1529 1335 1769 1371 castellorum

363 1396 736 1445 oppugnationibus,
767 1411 919 1434 necnon
958 1398 1102 1434 directa
1133 1409 1294 1447 quoque
1327 1396 1407 1433 acie
1442 1395 1601 1434 feliciter
1630 1395 1770 1442 functi,

361 1467 490 1508 gentes
510 1459 602 1495 locis
622 1459 1018 1505 tutissimas,numero
1039 1460 1279 1508 frequentes,
1300 1459 1450 1496 feritate
1464 1466 1606 1506 truces,
1624 1458 1769 1507 majore

362 1534 447 1557 cum
466 1521 639 1570 periculo
667 1535 781 1570 quam
802 1522 944 1558 damno
971 1521 1136 1558 Romani
1165 1521 1370 1566 exercitus,
1393 1520 1564 1568 plurimo
1589 1533 1676 1556 cum
1700 1532 1767 1555 ea-

360 1596 447 1619 rum
474 1582 677 1633 sanguine,
695 1583 1014 1632 perdomuerunt.
1039 1599 1053 1614 »

414 1656 592 1690 Breucos.
617 1655 716 1701 Dio,
737 1667 797 1701 LV,
817 1668 856 1703 p.
880 1654 956 1690 568
978 1668 986 1690 :
1009 1662 1203 1694 Παννονικὸν
1234 1661 1327 1698 ἔθνος,
1348 1653 1406 1690 Cf.
1430 1654 1591 1698 STRAB„
1621 1666 1700 1699 vn,
1723 1651 1744 1688 5
1759 1680 1770 1698 ,

366 1712 405 1762 3,
426 1723 462 1752 et
482 1719 615 1762 1?me
636 1729 705 1762 111,
729 1715 792 1752 25.

421 1788 556 1823 Omns.
594 1790 640 1824 A.
670 1790 717 1824 U.
746 1786 835 1834 745.
863 1788 961 1834 Dio,
994 1801 1054 1833 LV,
1080 1799 1119 1835 p.
1143 1787 1219 1835 549
1241 1799 1249 1822 :
1271 1785 1299 1826 ὁ
1326 1789 1365 1826 δὲ
1397 1788 1441 1829 δὴ
1470 1789 1615 1837 Τιῧέριος
1647 1795 1710 1824 τῶν
1730 1804 1766 1824 τε

362 1857 564 1901 Δαλμάτων,
598 1856 654 1890 καὶ
685 1862 749 1889 τῶν
776 1857 959 1890 Παννονίων
986 1856 1252 1892 ὑποκινησοίντων
1274 1869 1307 1889 τι
1327 1851 1432 1896 αὖθις,
1458 1856 1574 1894 ζῶντος
1599 1855 1644 1888 ἔτ’
1670 1855 1769 1888 αὑτοῦ

361 1911 453 1962 (scil.
472 1912 616 1962 Druso)
641 1919 824 1964 κρατήσας,
844 1919 887 1952 ταί
907 1932 942 1952 τε
965 1918 1018 1952 ἐπὶ
1037 1922 1093 1952 τοῦ
1112 1919 1244 1957 κέλητος
1269 1917 1416 1952 ἐπινίκια
1437 1916 1573 1962 ἔπεμψε.

420 1984 535 2019 Cum-u
563 1984 736 2019 Urbem...
758 1985 946 2032 ingressus
970 1991 1034 2020 est.
1058 1985 1102 2019 A.
1123 1984 1172 2019 U.
1193 1988 1282 2028 747.
1305 1982 1405 2027 Dio,
1428 1993 1488 2028 LV,
1507 1993 1547 2030 p.
1577 1978 1652 2019 553
1673 1992 1684 2017 z
1715 1989 1771 2019 Tu*

362 2050 463 2097 ἔέριος
492 2049 525 2084 δ’
550 2053 579 2085 ἐν
609 2057 651 2097 τῇ
676 2053 835 2098 νουμηνίᾳ
860 2054 888 2086 ἐν
908 2049 928 2096 ἦ
947 2053 1120 2086 ὑπατεύειν
1149 2051 1235 2096 μετὰ
1260 2051 1379 2085 Γναίου
1399 2050 1561 2089 Πείσωνος
1578 2048 1698 2095 ἤρξατο
1717 2062 1771 2069 --

361 2114 403 2146 τά
425 2128 461 2147 τε
481 2114 650 2159 νικητήρια
667 2115 783 2159 ἤγειγε.

414 2170 568 2204 Putcmt.
590 2169 664 2204 Alii
684 2177 817 2206 contra
835 2170 1024 2218 putabant
1042 2169 1208 2218 primum
1227 2168 1442 2218 Agrippam
1459 2167 1564 2204 hunc
1578 2166 1766 2202 honorem

362 2231 475 2267 fuisse
495 2238 719 2267 assecutum.

419 2295 673 2329 Ornamentis.
697 2296 755 2330 De
774 2293 832 2330 his
854 2294 941 2331 vide
961 2307 1044 2344 sup.
1072 2297 1172 2344 Aug.
1187 2321 1198 2339 ‚
1229 2306 1348 2330 xxxvi
1358 2307 1403 2330 11.

418 2366 507 2401 Cn.
530 2365 582 2400 X.
604 2366 661 2399 M.
683 2365 884 2414 Agrippae.
906 2365 1006 2402 Vide
1025 2378 1110 2414 sup.
1134 2367 1258 2414 Aug-³
1285 2377 1389 2401 val.

418 2434 536 2472 Petiz't.
567 2435 663 2470 Vell.
676 2463 686 2480 ‚
706 2448 737 2470 11
753 2463 763 2481 ‚
784 2448 834 2484 99
856 2448 865 2470 ε
886 2438 1044 2483 «Quum
1064 2437 1105 2472 C.
1130 2437 1252 2472 Caesar
1272 2433 1491 2482 sumpsisset
1521 2431 1599 2480 jam
1623 2429 1768 2466 virilem

361 2503 509 2547 togam⁷
532 2496 671 2533 Lucius
690 2497 780 2533 item
799 2504 972 2534 maturus
993 2504 1088 2534 esset
1112 2497 1275 2542 veritus,
1305 2508 1352 2532 ne
1378 2495 1508 2544 fulgor
1527 2506 1616 2530 suus
1643 2491 1770 2529 orien-

362 2559 455 2595 tium
473 2559 654 2606 juvenum
676 2561 846 2596 obstaret
868 2559 1004 2605 initiis,
1027 2559 1258 2596 dissimulata
1270 2570 1381 2594 causa
1400 2555 1771 2603 consilii‚commea-

363 2628 444 2656 tum
473 2635 493 2657 a
519 2634 652 2657 socero
679 2629 794 2670 atque
816 2622 952 2658 eodem
977 2620 1418 2669 vitric0‚acquiescendi
1442 2633 1461 2655 a
1482 2615 1770 2655 continuatione

363 2683 537 2719 laborum
556 2684 675 2731 petiit.
699 2702 711 2715 »
