1971 3342
396 204 442 247 48
926 206 963 239 c.
990 177 1217 241 suETONn

395 286 544 346 liquit,
573 302 711 346 neque
736 284 918 329 voluisse
943 303 986 330 se
1014 287 1175 331 diutius
1199 289 1362 343 vivere,
1389 305 1527 350 neque
1550 305 1737 341 curasse,

394 364 509 425 quod
534 365 781 408 valetudine
809 365 952 409 minus
984 384 1190 428 prospera
1219 376 1412 412 uteretur
1434 386 1443 411 :
1467 368 1648 428 ideoque
1665 398 1680 421 ‚-
1707 374 1748 407 el-

395 460 489 503 quae
517 443 745 505 religiones
783 456 1032 502 monerent,
1065 457 1107 490 et
1141 464 1244 506 quae„
1270 449 1568 491 renuntiarent
1595 444 1720 490 amici
1735 478 1748 502 ¹,

397 523 640 584 neglexisse.
678 526 786 567 Sunt
825 525 898 584 qui
930 535 1101 585 putent,
1135 526 1343 571 confisum
1384 543 1481 570 eum
1509 526 1741 568 novissimo

396 601 469 645 illo
507 602 876 646 senatusconsulto
922 621 969 647 ac
1010 605 1319 664 jurejurando,
1361 607 1489 649 etiam
1529 604 1743 647 custodias

396 682 707 741 Hispanorum,
730 698 827 725 cum
848 682 998 743 gladiis
1016 685 1273 726 sectantium
1299 700 1361 739 se,
1387 684 1629 727 removisse.
1655 682 1741 726 Alii

395 776 417 802 e
433 759 602 803 diverso
623 761 865 820 opinatum,
890 761 1064 805 insidias
1091 762 1282 822 undiquc
1306 763 1578 805 imminentes
1601 762 1745 804 subire

396 839 521 883 semel
548 840 789 883 confessum
819 842 948 884 satius
974 857 1082 897 esse,
1108 858 1234 900 quam
1266 857 1414 884 cavere
1450 857 1631 901 semper.
1661 839 1743 884 Alii

397 919 539 962 ferunt
566 920 705 962 dicere
742 920 938 976 solitum,
968 938 1054 963 non
1097 931 1183 964 tam
1219 938 1313 973 sua,
1346 937 1474 980 quam
1500 919 1745 980 reipublicae

398 1000 621 1055 interesse,
649 1000 709 1042 uti
735 999 874 1042 salvus
899 1010 1009 1043 esset
1030 1017 1038 1043 ε
1064 1017 1106 1043 se
1124 1001 1211 1060 jam
1237 1001 1401 1060 pridem
1426 1000 1627 1060 potentiae
1656 998 1746 1059 glo-

395 1079 551 1137 riaeque
573 1078 741 1121 abunde
765 1078 969 1139 adeptum
989 1096 998 1122 z
1026 1079 1333 1139 rempublicam
1349 1114 1360 1133 ,
1384 1081 1417 1122 si
1435 1078 1539 1138 quid
1556 1079 1635 1121 sibi
1649 1094 1743 1119 eve-

396 1157 527 1211 niret,
555 1173 691 1215 neque
721 1159 910 1216 quietam
939 1159 1048 1211 fore,
1080 1168 1121 1201 et
1149 1157 1368 1217 aliquanto
1404 1158 1615 1200 deteriore
1651 1173 1747 1199 cona

395 1235 555 1278 ditione
579 1235 720 1278 civilia
739 1235 849 1279 bella
875 1237 1127 1280 subituram.

457 1316 721 1357 LXXXVII.
745 1314 855 1357 Illud
884 1315 1010 1375 plane
1036 1317 1148 1359 inter
1166 1332 1313 1358 omnes
1338 1315 1424 1358 fere
1449 1317 1663 1372 constitit,
1690 1324 1746 1358 ta-

395 1395 476 1438 lem
492 1397 527 1438 ei
553 1405 735 1438 mortem
759 1412 878 1456 paene
899 1413 949 1438 ex
964 1397 1172 1439 sententia
1193 1397 1406 1456 obtigisse.
1426 1398 1539 1440 Nam
1555 1406 1597 1438 et
1612 1413 1745 1455 quon-

395 1474 514 1527 dam,
540 1491 673 1534 quum
701 1475 815 1534 apud
839 1475 1173 1535 Xenophontem
1192 1474 1381 1535 legisset,
1405 1477 1569 1535 Cyrum
1594 1474 1744 1518 ultima

394 1552 638 1596 valetudine
662 1554 884 1597 mandasse
907 1554 1099 1613 quaedam
1125 1553 1177 1597 de
1196 1554 1343 1598 funere
1368 1571 1468 1610 suo,
1494 1564 1743 1615 aspernatus

394 1644 481 1677 tam
506 1634 669 1677 lentum
700 1635 849 1677 mortis
875 1651 1007 1694 genus
1024 1669 1034 1688 ,
1061 1635 1245 1678 subitam
1271 1635 1349 1677 sibi
1375 1634 1639 1693 celeremque
1672 1651 1744 1694 op-

393 1723 568 1756 taverat.
595 1716 648 1757 Et
674 1714 811 1774 pridie
836 1731 964 1773 quam
1004 1714 1274 1757 occideretur
1295 1748 1306 1769 ,
1345 1715 1388 1756 in
1421 1730 1615 1757 sermone
1643 1723 1743 1756 nato

392 1809 521 1853 super
544 1810 729 1848 coenam,
766 1793 881 1853 apud
919 1796 980 1837 M.
1014 1793 1248 1853 Lepidum,
1273 1794 1470 1853 quisnam
1507 1803 1614 1836 esset
1647 1793 1744 1836 finis

392 1873 486 1915 vitae
522 1872 911 1929 commodissimus,
949 1874 1222 1932 repentinum
1251 1873 1606 1932 inopinatumque
1636 1889 1743 1932 prae-

391 1951 559 1996 tulerat.

452 2033 734 2075 LXXXVIII.
762 2032 895 2075 Periit
914 2040 1031 2074 sexto
1057 2041 1099 2074 et
1123 2032 1478 2091 quinquagesimo
1503 2030 1638 2074 aetatis
1670 2046 1740 2073 an-

390 2126 446 2152 no
476 2126 484 2152 :
513 2119 641 2168 atque
676 2110 719 2151 in
754 2112 949 2152 Deorum
989 2126 1216 2152 numerum
1250 2109 1406 2153 relatus
1437 2120 1520 2166 est,
1548 2127 1638 2152 non
1671 2125 1744 2152 ore

389 2187 518 2230 modo
543 2188 887 2242 decernentium,
914 2188 986 2231 sed
1011 2198 1051 2230 ct
1077 2189 1351 2248 persuasione
1374 2188 1504 2248 vulgi.
1524 2188 1741 2247 Siquidem

389 2265 523 2321 ludis,
544 2283 651 2325 quos
679 2267 839 2326 primos
860 2277 1126 2310 consecratos
1143 2268 1179 2309 ei
1196 2268 1318 2310 lieres
1338 2269 1560 2327 Augustus
1574 2266 1740 2322 edebat,

388 2344 507 2389 stella
525 2346 677 2388 crinita
706 2362 784 2405 per
815 2355 976 2406 septem
1002 2346 1090 2389 dies
1123 2346 1353 2389 continuos
1380 2345 1516 2399 fulsit,
1548 2347 1740 2389 exoriens

387 2425 498 2468 circa
524 2424 791 2468 undecimam
815 2426 964 2468 horam
987 2424 1310 2484 :creditumque
1331 2434 1418 2480 est,
1442 2426 1626 2467 animam
1651 2441 1736 2468 esse

387 2504 563 2546 Caesaris
597 2505 641 2546 in
675 2504 829 2547 coelum
859 2505 1050 2564 recepti:
1079 2513 1118 2545 et
1146 2504 1224 2546 bac
1261 2504 1313 2547 de
1347 2520 1474 2547 causa
1511 2502 1738 2546 simulacro

388 2583 477 2640 ejus
508 2583 550 2624 in
595 2583 751 2626 vertice
782 2583 963 2628 ,additur
998 2582 1129 2625 stella.
1164 2584 1339 2626 Curiam
1380 2583 1423 2625 in
1453 2597 1536 2640 qua
1575 2581 1735 2624 occisus
