1988 3407
628 267 679 301 IN
714 266 824 302 OCT.
856 266 1150 302 ALGUSTL'M.
1523 269 1593 306 183

184 358 365 404 καιώματα
387 353 429 397 οἷς
457 359 486 391 οἶ
505 372 540 391 τι
566 359 656 392 ἄλλοι
683 360 759 404 πρὸς
777 359 849 396 τοὺς
873 359 1143 403 ἐλευθερεμένευς,
1169 358 1225 392 καὶ
1252 360 1343 393 αὐτοὶ
1377 361 1403 394 εἰ
1431 359 1597 396 δεσπόται

185 425 270 464 σφῶν
295 423 460 466 γενόμενοι
479 421 661 466 χρήσοιντο.

243 487 536 522 Immunitatem.
558 486 644 522 Scil.
672 498 721 521 ne
746 485 906 532 posthac
936 492 1032 520 esset
1054 485 1292 522 tributarius.

236 559 360 594 Iusta.
381 559 474 603 Quae
501 558 667 594 dabatur
694 569 825 600 censu,
862 558 1058 600 vindicta,
1091 566 1329 594 testamento.
1361 559 1458 596 Vide
1491 563 1574 597 Cic.
1590 591 1598 605 ‚

183 620 221 655 iu
246 622 280 656 T
274 634 335 669 op.
352 649 362 664 ,
386 633 417 657 c.
446 634 490 657 11.
518 622 577 656 De
597 621 850 656 libertinorum
870 628 970 655 statu
982 647 993 663 ‚
1017 620 1069 656 sic
1088 621 1289 656 Justc‘nian.
1312 624 1454 666 Iastia,
1482 637 1495 659 1
1509 653 1518 670 ,
1541 626 1564 662 5
1590 639 1598 659 :

182 700 195 712 «τ
213 683 289 728 Qui
307 683 686 729 manumittebantur,
704 683 824 719 modo
844 682 1027 728 majorem
1049 690 1085 718 et
1096 682 1244 728 justam
1265 684 1479 721 libertatem
1500 699 1597 722 con-

183 747 455 795 sequebantur,
473 753 510 783 et
524 746 668 782 fiebant
687 747 784 781 cives
798 747 973 781 romani:
997 746 1115 782 modo
1136 749 1320 782 minorem
1333 775 1344 791 ‚
1367 755 1403 784 et
1424 751 1538 785 latini
1554 763 1601 786 ex

182 810 263 859 lege
284 810 383 846 Julia
409 810 594 846 Norbana
619 807 782 854 fieba11t;
811 809 931 845 modo
960 808 1188 856 inferiorem,
1218 818 1254 846 et
1280 809 1423 847 fiebant
1446 825 1492 848 ex
1518 814 1600 862 lege

185 871 279 907 AElia
299 872 430 908 Scutia
455 872 600 907 deditii.
623 888 635 904 ι

236 943 452 979 Pri-ninum.
473 945 620 992 Togam
643 943 714 980 sub
735 946 911 992 Augusto
935 943 1148 979 desaevisse
1170 951 1206 979 et
1224 943 1261 979 in
1287 945 1368 992 ejus
1392 947 1520 982 locum
1540 948 1598 983 la-

181 1018 310 1042 cernas
337 1006 558 1043 successisse
578 1006 693 1042 docet
718 1007 884 1052 Ferrar.‚
907 1007 955 1042 cle
981 1007 1035 1042 Re
1058 1016 1150 1042 vest.
1165 1034 1176 1050 ‚
1206 1021 1218 1042 1
1233 1036 1242 1052 ‚
1277 1021 1307 1043 1.

234 1078 322 1114 Cn.
350 1079 455 1115 XLI.
477 1078 635 1127 Effecit.
661 1079 797 1122 Oros.‚
823 1091 861 1114 v1
877 1107 886 1123 ‚
922 1092 967 1128 19
991 1091 1000 1113 τ
1022 1095 1036 1109 «
1062 1080 1184 1115 Roma
1210 1079 1248 1114 in
1280 1087 1428 1116 tantum
1459 1081 1602 1129 opibus

181 1140 446 1177 (Alexandriae
473 1140 597 1191 urbis)
628 1149 738 1177 aucta
765 1149 839 1187 est,
859 1149 901 1177 ut
921 1149 1084 1190 propter
1111 1142 1388 1179 abundantiam
1413 1144 1601 1191 pecunia—

179 1217 286 1250 rum,
307 1203 477 1253 duplicia
497 1217 614 1253 quam
634 1217 758 1252 usque
778 1204 826 1239 ad
847 1204 886 1240 id
916 1205 1089 1249 fuerant,
1116 1205 1399 1252 possessionum
1420 1206 1601 1242 aliarum-

131 1304 134 1307 ,
181 1278 257 1314 que
278 1278 408 1302 rerum
427 1267 620 1303 venalium
640 1267 765 1315 pretia
785 1273 1055 1303 statuerentur.
1073 1284 1087 1298 υ

237 1337 376 1374 cavere
395 1339 432 1374 in
451 1340 620 1387 duplum.
644 1340 689 1375 H.
722 1353 752 1374 e.
782 1339 821 1374 in
854 1339 1012 1387 duplam
1035 1351 1218 1375 summam
1250 1340 1446 1389 praedibus
1473 1348 1509 1377 et
1535 1340 1600 1390 pi-

181 1400 368 1447 gnoribus
390 1401 488 1437 datis
509 1415 587 1438 sese
614 1403 796 1451 obligare.

234 1463 391 1500 Pueros.
418 1466 636 1514 Augustum
667 1464 852 1512 Trajanus
877 1465 1046 1501 imitatus
1066 1473 1143 1511 est,
1181 1467 1227 1502 de
1260 1479 1339 1515 quo
1365 1466 1460 1502 Plin.
1488 1468 1600 1512 Jun.,

184 1527 348 1575 paneg..
372 1539 465 1563 xxv1
479 1555 488 1573 ,
510 1527 545 1563 3.

236 1597 496 1633 Nummarias.
523 1619 576 1625 —
603 1599 772 1634 Tesseroe
800 1600 1025 1634 nummarc'oe
1051 1607 1160 1635 crant
1190 1599 1331 1648 quibus
1356 1599 1405 1636 ad
1431 1607 1600 1648 quaesto—

180 1672 259 1695 rem
281 1660 423 1707 allatis,
451 1660 598 1696 nummi
627 1661 825 1710 congiario
846 1660 1026 1709 promissi
1052 1661 1330 1698 reddebantur.

235 1723 323 1758 Cn.
346 1723 471 1759 XLII.
502 1723 759 1758 Ambitiosum.
783 1724 828 1759 Η.
853 1724 874 1759 l.
899 1724 1127 1772 popularem
1149 1738 1279 1760 auram
1303 1730 1532 1772 captantem.

241 1794 401 1831 St'll'rent.
424 1794 518 1840 Dio,
550 1807 634 1839 ων,
662 1807 700 1843 p.
731 1796 807 1844 529
829 1809 836 1831 :
859 1802 926 1834 Καὶ
953 1803 1035 1834 εὖτ-ω
1057 1815 1093 1847 γε
1116 1804 1232 1841 &zei-ax
1259 1804 1309 1836 ἐπ’
1337 1804 1424 1848 αὐτῷ
1456 1805 1601 1847 ἔχαιρεν,

181 1863 268 1896 ὥστε
289 1863 508 1901 σπανιότπτές
527 1876 607 1896 ποτε
629 1863 710 1896 afwa
730 1865 921 1910 γενομένης,
951 1865 1007 1896 καὶ
1036 1869 1099 1896 τῶν
1123 1866 1297 1909 ἀνθρώπων
1328 1862 1422 1898 δεινὰ
1443 1862 1602 1898 8²:20¹>ae-

179 1938 263 1966 των,
276 1925 470 1959 ἱκανώτατα
482 1926 541 1970 ἔφη
560 1926 614 1958 τὸν
634 1919 812 1971 Ᾱγρίπττσω
832 1927 1099 1971 πρανενεήκένειι,
1121 1927 1207 1960 ὥστε
1229 1930 1272 1972 μὴ
1288 1924 1369 1971 δίψῃ
1390 1928 1471 1960 πετὲ
1489 1928 1601 1965 κὺτιὺς

182 1987 374 2021 ἀπολέσθαι.

235 2053 415 2091 Numero.
438 2053 485 2090 Η.
507 2066 538 2090 e.
568 2053 609 2089 in
628 2052 753 2090 tribus
779 2054 1029 2102 distributos,
1059 2055 1098 2090 in
1122 2067 1218 2103 quas
1238 2055 1372 2090 referri
1405 2054 1601 2090 debebant

180 2115 420 2162 manumissi,
441 2123 646 2165 antequam
668 2116 716 2152 ad
737 2117 931 2166 congiaria
945 2147 955 2163 ‚
985 2118 1122 2153 aliasve
1152 2118 1398 2153 liberalitates
1420 2117 1601 2153 admitte-

181 2186 327 2216 rentur.

235 2241 448 2278 Sterilitate.
476 2245 571 2289 Quae
593 2242 732 2279 accidit
752 2244 804 2278 M.
830 2244 985 2280 AEmilio
1011 2245 1161 2292 Lepido
1191 2251 1227 2280 et
1254 2245 1295 2279 L.
1317 2242 1506 2279 Arruntio
1531 2256 1600 2277 ne—

180 2299 274 2352 pote
294 2317 388 2342 coss.
408 2307 454 2341 A.
477 2307 524 2342 U.
554 2305 641 2351 760.
671 2306 726 2341 cf.
749 2307 889 2351 D10s„
917 2319 955 2341 Lx
973 2336 981 2351 ‚
1005 2319 1041 2354 p.
1066 2306 1154 2343 5426.

237 2367 427 2414 Impetum
441 2375 482 2402 se
501 2368 658 2415 cepisse.
681 2368 736 2402 Ita
751 2368 882 2403 senec.
904 2369 959 2402 ad
979 2370 1106 2411 Helo„
1129 2382 1141 2403 1
1165 2382 1172 2403 ε
1195 2387 1209 2399 «
1228 2369 1334 2416 Saepe
1353 2367 1453 2414 jam,
1481 2375 1602 2403 mater

183 2427 347 2476 optima,
369 2428 554 2477 impetum
576 2430 660 2477 cepi
683 2431 910 2466 consolandi
931 2438 978 2466 te.
1007 2449 1022 2462 υ

217 2491 435 2527 Rationem
467 2493 629 2528 duceret.
661 2493 748 2528 Scil.
782 2493 821 2528 in
849 2493 1123 2529 distributione
1155 2493 1338 2530 frumenti
1363 2506 1441 2528 non
1474 2493 1600 2528 minus

181 2562 375 2589 aratorum
401 2561 438 2590 et
463 2557 735 2603 negotiantium
765 2569 881 2604 quam
902 2557 1025 2604 plebis
1054 2557 1185 2605 otiosae
1211 2558 1398 2591 rationem
1429 2556 1599 2591 haberet.

182 2617 226 2651 Η.
256 2616 280 2651 l.
303 2626 473 2652 aratores
499 2625 534 2652 et
566 2619 800 2665 negutiante<
827 2618 1040 2668 significare
1071 2620 1154 2654 vult
1181 2620 1234 2655 Cl.
1270 2620 1398 2661 Has-e,
1434 2619 1599 2666 equites,

181 2678 250 2725 qui
274 2678 470 2727 vectigalia
494 2693 683 2729 agrosque
712 2682 889 2729 publicos
919 2682 1214 2727 conduxissent,
1236 2682 1442 2731 multisque
1470 2682 1596 2716 mani--

181 2741 253 2777 bus
271 2754 368 2790 opus
394 2743 579 2778 haberent
605 2743 651 2778 ad
676 2744 890 2780 exercenda
920 2745 1074 2793 negotia
1103 2744 1364 2793 oolendosque
1395 2757 1516 2792 agros.
