1988 3439
848 272 988 307 NERO.
1528 277 1597 318 245

248 367 372 400 vante
411 357 523 418 vulgi
565 372 708 417 preces
744 357 871 398 ctiam
908 356 1090 397 statione
1127 354 1336 409 militum,
1368 374 1459 416 quse
1496 369 1598 403 tunc

252 438 514 489 excubabat,
540 444 941 496 repraesentaturum
967 452 1009 477 se
1034 434 1251 495 pollicitus
1279 446 1339 479 est
1373 437 1527 494 libens3
1552 456 1599 483 ac

247 516 337 559 sine
363 533 481 560 mora
506 532 658 559 nomen
686 531 810 558 suum
836 516 879 557 in
905 514 1002 558 albo
1022 515 1321 575 profitentium
1346 517 1600 562 citharoedo-

248 613 343 639 rum
371 597 497 656 jussit
532 595 712 648 ascribi;
735 594 1024 654 sorticulaque
1059 596 1100 638 in
1136 612 1287 639 urnam
1321 613 1418 639 cum
1449 600 1600 643 ceteris

247 675 453 731 demissa,
475 676 650 718 intravit
674 674 825 718 ordine
849 692 927 718 suo
942 709 953 729 ‚
977 675 1102 719 simul
1129 676 1314 737 praefecti
1334 679 1522 737 praetorii
1544 680 1602 721 ci-

247 756 411 799 tharam
462 755 743 809 sustinentes,
789 765 884 815 post
932 755 1093 798 tribuni
1143 755 1356 811 militum,
1393 758 1602 817 juxtaque

247 835 479 878 amicorum
523 835 675 878 intimi.
703 837 849 895 thue
881 836 1099 890 constitit,
1140 846 1315 896 peracto
1363 838 1601 897 principio,

246 913 415 957 Nioben
440 929 484 956 se
506 923 780 958 cantaturum
799 949 809 970 ‚
836 932 912 975 per
931 914 1133 958 Cluvium
1153 916 1313 960 Rufum
1333 916 1602 961 consularem

246 994 570 1053 pronunciavit,
596 1004 638 1037 et
671 996 714 1038 in
744 995 896 1038 horam
924 995 1011 1038 fere
1040 996 1248 1039 decimam
1280 999 1567 1057 perseveravit
1594 1016 1601 1040 :

244 1090 534 1134 coronamque
558 1091 651 1118 eam
676 1085 717 1118 ct
749 1074 958 1135 reliquam
987 1077 1233 1120 certaminis
1260 1087 1426 1137 partem
1454 1080 1496 1121 in
1525 1096 1602 1122 an-

247 1170 349 1197 num
373 1164 621 1214 sequentem
651 1154 840 1210 distulit,
868 1166 915 1200 ut
951 1157 1103 1215 saepius
1129 1156 1310 1200 canendi
1341 1158 1509 1200 occasio
1538 1176 1601 1201 cs—

244 1243 318 1277 set.
341 1233 471 1290 Quod
500 1251 634 1294 quum
667 1236 837 1278 tardum
867 1235 1101 1287 videretur,
1124 1253 1210 1278 non
1236 1238 1417 1279 cessavit
1448 1237 1604 1281 identi-

245 1314 341 1356 dem
358 1330 402 1357 se
417 1314 648 1374 publicare.
670 1317 767 1358 Non
787 1316 1000 1359 dubitavit
1013 1317 1142 1358 etiam
1159 1318 1336 1376 privatis
1351 1317 1603 1377 spectaculis

247 1409 423 1454 operam
453 1395 565 1437 inter
597 1396 784 1438 scenicos
817 1394 945 1449 dare,
972 1395 1159 1454 quodam
1189 1405 1424 1455 praetorum
1454 1407 1604 1440 sester-

247 1474 353 1516 tium
376 1471 513 1516 deeies
539 1473 758 1517 offerente.
781 1473 1029 1534 Tragoedias
1050 1490 1222 1533 quoque
1245 1477 1432 1517 cantavit
1459 1492 1603 1535 perso—

244 1562 398 1607 natus;
421 1553 602 1596 heroum
628 1554 916 1613 deorumque,
947 1555 1048 1596 item
1078 1553 1303 1597 heroidum
1339 1572 1388 1597 ac
1425 1555 1603 1599 dearum

248 1634 438 1693 personis
468 1633 628 1677 effectis
658 1633 711 1676 ad
743 1632 1067 1677 similitudinem
1098 1635 1184 1676 oris
1216 1635 1308 1690 sui,
1339 1645 1379 1678 ct
1410 1635 1603 1690 feminae,

248 1722 374 1773 prout
398 1729 614 1773 quamque
630 1712 840 1774 diligeret.
863 1716 982 1757 Inter
1000 1724 1141 1757 cetera
1161 1716 1349 1758 cantavit
1374 1735 1392 1754 «
1407 1718 1603 1759 Canacen

247 1793 556 1852 parturientem
573 1828 583 1848 ‚
610 1795 793 1837 Oresten
812 1793 1080 1837 matricidam
1101 1828 1111 1848 ‚
1135 1794 1410 1854 OEdipodem
1429 1812 1607 1838 excaeca-

249 1885 336 1918 tum
355 1909 367 1930 ‚
391 1873 618 1918 Herculem
646 1875 896 1917 insanum.»
925 1877 974 1917 In
1006 1892 1091 1934 qua
1117 1874 1260 1918 fabula
1288 1876 1398 1919 fama
1436 1886 1525 1933 est,
1556 1877 1607 1919 ti·

248 1953 478 1998 runculum
505 1953 703 2011 militem,
725 1955 912 2014 positum
939 1954 991 1997 ad
1019 1955 1259 1998 custodiam
1287 1956 1451 2011 aditus,
1472 1973 1606 2015 quum

247 2050 345 2077 eum
374 2035 519 2077 ornari
543 2051 591 2077 ac
621 2035 770 2077 vinciri
794 2036 952 2078 catenis
969 2070 979 2089 ‚
1008 2036 1117 2078 sicut
1141 2045 1444 2095 argumentum
1468 2045 1608 2095 postu-

251 2113 385 2168 labat,
415 2113 598 2168 videret,
627 2115 859 2158 accurrisse
882 2113 1068 2157 ferendae
1095 2115 1188 2173 opis
1214 2116 1362 2174 gratia.

313 2195 454 2236 XXII.
477 2195 698 2253 Equorum
722 2193 863 2237 studio
892 2193 954 2237 vel
982 2195 1194 2254 praecipue
1216 2194 1268 2236 ab
1294 2196 1468 2237 ineunte
1486 2204 1608 2238 aetate

250 2273 470 2333 flagravit,
497 2271 795 2332 plurimusque
820 2271 877 2314 illi
901 2289 1064 2328 sermo,
1091 2289 1352 2331 quamquam
1376 2284 1608 2329 vetaretur,

250 2353 301 2396 de
337 2353 599 2396 circensibus
639 2363 728 2396 erat
770 2370 777 2394 ε
819 2363 856 2395 et
895 2352 1113 2411 quondam
1161 2363 1345 2397 tractum
1384 2355 1605 2414 prasinum
1664 2373 1672 2380 ·

250 2434 502 2494 agitatorem
529 2433 636 2475 inter
665 2432 982 2493 condiscipulos
1007 2449 1208 2492 querens,
1235 2433 1491 2493 objurgante
1518 2450 1606 2476 ma-

207 2512 209 2514 ’
253 2514 407 2573 gistru,
437 2512 489 2555 dc
525 2515 709 2556 Hectore
741 2530 783 2555 se
812 2512 953 2573 loqui.
984 2514 1213 2556 ementitus
1250 2523 1324 2555 est.
1359 2512 1440 2555 Sed
1472 2529 1604 2571 quum

253 2592 364 2636 inter
386 2593 692 2653 initia'imperii
714 2593 913 2636 eburneis
932 2592 1150 2653 quadrigis
1180 2592 1371 2652 quotidie
1398 2593 1437 2634 in
1470 2593 1605 2634 abaco

255 2670 442 2725 luderet,
485 2673 534 2715 ad
570 2689 717 2715 omnes
749 2673 873 2715 ctiam
911 2674 1107 2715 minimos
1142 2674 1352 2715 circenses
1388 2690 1408 2711 ‹-
1443 2688 1603 2713 secessu
