1971 3342
408 280 479 313 9.70
940 268 976 302 C.
1008 267 1237 302 SUETONII

410 361 558 406 nuslo,
586 350 719 394 oculis
744 351 874 394 caesiis
899 361 939 393 et
969 350 1284 405 hebetioribus,
1307 350 1469 394 cervice
1497 351 1645 406 obesa,
1671 369 1767 396 ven-

407 443 470 474 tre
497 431 715 492 projecto,
741 429 988 492 gracillimis
1011 430 1209 474 cruribus
1225 466 1236 487 ,
1268 428 1514 474 valetudine
1545 447 1767 493 prospera.

408 513 546 567 Nam,
578 513 649 571 qui
684 511 862 554 luxuriae
900 510 1311 554 immoderatissimae
1337 519 1472 566 esset,
1495 520 1559 555 ter
1590 512 1769 556 omnino

407 607 482 651 per
511 591 837 651 quatuordecim
870 606 1006 633 annos
1041 587 1233 650 languit,
1262 600 1392 650 atque
1425 591 1512 647 ita,
1540 600 1590 635 ut
1627 607 1769 651 neque

408 673 528 727 vino,
541 687 679 731 neque
694 669 1005 714 consuetudine
1018 669 1183 730 reliqua
1199 670 1444 715 abstineret.
1461 670 1587 716 Circa
1603 670 1770 715 cultum

407 751 690 811 habitumque
706 750 812 794 adeo
830 748 1078 811 pudendus,
1103 760 1151 793 ut
1176 766 1345 794 comam
1364 767 1530 811 semper
1550 752 1594 794 in
1613 751 1773 812 gradus

408 831 660 886 formatam,
689 831 1036 892 peregrinatione
1062 830 1255 886 achaica,
1279 832 1407 874 etiam
1428 847 1542 892 pone
1566 832 1772 876 verticem

409 912 697 965 summiserit3
726 928 775 954 ae
806 910 1059 971 plerumque
1085 910 1381 971 synthesinam
1410 911 1615 964 indutus,
1642 910 1773 973 ligato

409 991 573 1034 circum
599 990 760 1035 collum
779 991 953 1035 sudario
970 1027 980 1046 ,
1005 990 1215 1051 prodierit
1236 992 1280 1034 in
1303 990 1525 1051 publicum
1542 1026 1553 1045 ‚
1576 992 1667 1035 sine
1687 993 1776 1035 ciu-

409 1081 481 1114 ctu
495 1106 504 1124 ‚
526 1081 568 1114 et
588 1071 876 1115 discalciatus.

473 1152 566 1194 LII.
596 1150 815 1195 Liberales
843 1150 1089 1212 disciplinas
1109 1168 1258 1195 omnes
1283 1151 1370 1195 fere
1390 1167 1497 1212 puer
1522 1152 1678 1211 attigit,
1693 1152 1775 1195 Sed

409 1249 431 1274 a
463 1230 739 1291 philosophia
772 1248 872 1275 eum
900 1242 1040 1275 mater
1072 1233 1250 1287 avertit,
1279 1248 1480 1287 monens,
1508 1233 1777 1292 imperaturo

409 1312 674 1355 contrariam
701 1328 791 1355 esse
810 1330 818 1355 τ
836 1329 861 1356 a
884 1313 1133 1373 cognitione
1155 1322 1353 1356 veterum
1377 1321 1601 1356 oratorum
1617 1313 1779 1356 Seneca

412 1401 667 1451 praeceptor,
703 1408 790 1452 quo
825 1391 990 1436 diutius
1036 1393 1079 1436 in
1117 1391 1403 1436 admiratione
1438 1393 1503 1436 sui
1549 1391 1775 1436 detineret.

413 1473 561 1530 ltaque
582 1471 636 1514 ad
664 1473 879 1531 poeticam
906 1489 1071 1533 pronus
1087 1506 1098 1527 ,
1116 1473 1308 1516 carmina
1333 1472 1515 1516 libenter
1537 1488 1586 1516 ae
1613 1472 1704 1515 sine
1724 1470 1779 1514 la-

412 1551 515 1593 bore
538 1552 783 1611 composuit
801 1569 809 1594 :
829 1568 906 1595 nee
920 1587 932 1607 ,
955 1562 1003 1595 ut
1028 1552 1205 1612 quidam
1227 1562 1407 1612 putant,
1433 1550 1572 1596 aliena
1590 1568 1671 1612 pro
1691 1552 1779 1594 suis

411 1629 557 1673 edidit.
585 1632 754 1674 Venere
783 1633 826 1674 in
851 1648 1006 1675 manus
1033 1648 1149 1675 meas
1176 1631 1409 1693 pugillares
1436 1629 1657 1691 libellique
1680 1647 1779 1674 cum

411 1710 671 1770 quibusdam
700 1713 936 1755 notissimis
960 1712 1155 1756 versibus
1170 1747 1181 1767 ,
1209 1714 1344 1772 ipsius
1367 1710 1658 1772 chirographo
1682 1711 1780 1754 scri-

411 1792 492 1851 ptis
518 1808 526 1834 :
559 1801 606 1834 ut
640 1791 763 1835 facile
797 1803 1050 1853 appareret,
1081 1809 1169 1836 non
1200 1791 1459 1847 translatos,
1487 1800 1563 1835 aut
1591 1790 1780 1835 dictante

410 1872 555 1932 aliquo
581 1884 804 1934 exceptos,
823 1874 895 1917 sed
919 1873 1044 1934 plane
1071 1874 1194 1934 quasi
1220 1890 1244 1917 a
1266 1874 1487 1935 cogitante
1506 1882 1635 1932 atque
1654 1888 1780 1933 gene-

410 1963 532 1996 rante
557 1964 775 2009 exaratos;
802 1955 859 1998 ita
884 1954 1019 1998 multa
1044 1964 1086 1998 et
1107 1954 1266 2009 deleta,
1291 1964 1333 1997 et
1358 1953 1553 2009 inducta,
1571 1962 1613 1996 et
1636 1969 1779 2012 super-

413 2034 573 2093 scripta
594 2035 778 2078 inerant.
801 2034 967 2078 Habuit
986 2044 1029 2077 et
1046 2032 1563 2094 pingendi‚fingendique
1578 2032 1779 2088 maxime,

413 2130 499 2156 non
527 2113 744 2156 mediocre
771 2113 975 2157 studium.

472 2195 588 2236 LIII.
629 2194 823 2237 Maxima
848 2203 995 2237 autem
1031 2193 1322 2254 popularitate
1359 2193 1644 2249 efferebatur,
1691 2208 1782 2236 om·

414 2274 532 2317 nium
578 2272 784 2329 aemulus,
817 2275 890 2333 qui
930 2290 1108 2334 quoquo
1135 2273 1266 2318 modo
1296 2274 1491 2318 animum
1532 2271 1651 2334 vulgi
1685 2288 1779 2315 mo-

411 2363 574 2397 verent.
622 2355 739 2397 Exiit
785 2355 956 2415 opinio,
993 2364 1090 2415 post
1128 2355 1315 2398 scenicas
1358 2352 1542 2398 coronas
1581 2353 1778 2414 proximo

412 2434 547 2478 lustro
567 2434 873 2478 descensurum
898 2451 997 2479 eum
1015 2434 1069 2478 ad
1094 2434 1296 2495 Olympia
1320 2435 1434 2478 inter
1452 2433 1648 2478 athletas.
1664 2434 1777 2477 Nam

412 2526 453 2558 ct
490 2514 738 2558 luctabatur
773 2515 941 2558 assidue
974 2532 982 2557 :
1017 2531 1094 2558 nec
1134 2513 1261 2558 aliter
1299 2515 1536 2558 certamina
1579 2512 1777 2574 gymnica

414 2604 503 2637 tota
534 2595 702 2638 Graecia
738 2604 1031 2655 spectaverat,
1066 2611 1195 2653 quam
1228 2595 1536 2639 brabeutarum
1574 2609 1694 2636 more
1735 2595 1775 2635 in

414 2674 551 2716 stadio
578 2674 702 2717 humi
731 2674 942 2731 assidens,
965 2691 1038 2729 ac,
1066 2675 1098 2716 si
1124 2691 1206 2734 qua
1235 2676 1354 2735 paria
1380 2674 1551 2734 longius
1579 2673 1777 2717 recessis-
