1971 3342
427 308 474 330 20
971 292 1010 327 C.
1042 291 1278 327 SUETONII

426 377 536 423 nihil
558 378 696 439 magis
718 394 798 438 pro
818 377 1031 421 concione
1058 385 1239 419 testatus
1267 383 1357 428 est,
1379 388 1511 432 quam
1533 370 1613 414 «id
1635 371 1813 415 demum

426 477 472 504 se
502 460 786 514 habiturum,
814 457 935 519 quod
962 458 1041 501 sibi
1069 458 1151 518 ipsi
1177 455 1509 517 reliquissent.»

486 543 586 585 VII.
628 539 801 585 Deinde
836 548 1047 600 vergente
1078 538 1169 599 jam
1210 537 1281 581 die
1327 538 1549 598 ingressus
1587 547 1814 592 senatum,

424 624 652 683 positaque
688 621 810 665 brevi
846 620 1046 671 ratione,
1083 621 1204 679 quasi
1251 630 1404 681 raptus
1441 619 1495 663 de
1535 618 1733 680 publico,
1772 630 1815 663 et

424 705 642 763 suscipere
678 701 911 762 imperium
941 700 983 743 vi
1016 710 1220 756 coactus,
1255 710 1545 762 gesturusque
1586 701 1813 744 communi

422 783 622 827 omnium
649 782 853 836 arbitrio,
877 779 1097 824 Palatium
1124 781 1248 841 petit.
1275 782 1337 825 Ac
1363 798 1495 842 super
1524 790 1690 824 ceteras
1718 797 1815 842 gra-

424 863 659 907 tulantium
685 861 1050 922 adulantiumque
1072 860 1323 917 blanditias,
1339 863 1392 905 ab
1419 861 1570 906 infima
1590 861 1716 923 plebe
1740 879 1815 923 ap-

423 943 608 1005 pellatus
627 947 775 999 Nero,
798 942 970 986 nullum
992 941 1205 986 indicium
1227 943 1468 986 recusantis
1491 942 1636 986 dedit:
1655 943 1814 998 immo,

424 1035 473 1069 ut
508 1024 684 1085 quidam
724 1023 1026 1080 tradiderunt,
1064 1024 1196 1067 etiam
1227 1021 1541 1083 diplomatibus
1569 1024 1814 1084 primisque

423 1105 618 1167 epistolis
640 1107 728 1150 suis
754 1105 808 1149 ad
833 1104 1047 1166 quosdam
1071 1105 1402 1166 provinciarum
1425 1105 1649 1165 praesicleS,
1672 1107 1817 1150 Nero-

425 1187 491 1230 nis
514 1204 762 1248 cognomen
787 1186 961 1247 adjecit.
987 1188 1117 1231 Certe
1142 1196 1183 1230 et
1208 1186 1420 1247 imagines
1445 1196 1698 1246 statuasque
1724 1187 1816 1247 ejus

424 1269 579 1329 reponi
606 1285 758 1330 passus
781 1279 872 1323 est,
903 1279 945 1312 et
968 1277 1279 1328 procuratores
1308 1277 1440 1327 atque
1457 1266 1640 1311 libertos
1664 1267 1719 1310 ad
1743 1284 1814 1310 ea-

425 1349 523 1393 dem
552 1349 695 1394 officia
718 1350 956 1394 revocavit.
977 1351 1072 1395 Nec
1095 1349 1333 1409 quicquam
1358 1348 1480 1409 prius
1497 1364 1578 1408 pro
1597 1358 1813 1408 potestate

425 1432 711 1493 subscripsit,
743 1448 876 1492 quam
908 1431 1188 1492 quingenties
1226 1430 1473 1473 sestertium
1510 1429 1564 1473 ad
1601 1446 1816 1491 peragen-

425 1512 526 1556 dam
560 1515 750 1556 Auream
789 1511 984 1556 domum.
1026 1512 1202 1556 Dicitur
1247 1527 1295 1554 ea
1338 1521 1466 1554 nocte
1507 1527 1586 1571 per
1622 1511 1814 1570 quietem

425 1593 676 1654 pavefactus
717 1593 904 1654 gemitus
940 1592 1153 1636 maximos
1193 1591 1380 1635 edidisse
1416 1608 1424 1634 :
1464 1601 1752 1652 repertusque
1791 1608 1814 1635 a

424 1675 790 1719 concursantibus
831 1674 953 1718 humi
997 1682 1097 1718 ante
1137 1672 1298 1716 lectum
1334 1674 1512 1733 jacens,
1553 1689 1632 1733 per
1667 1673 1816 1716 omnia

424 1754 704 1816 piaculorum
733 1772 893 1816 genera
924 1771 1073 1798 manes
1100 1753 1280 1809 Galbae,
1310 1771 1334 1797 a
1363 1770 1450 1813 quo
1484 1752 1711 1797 deturbari
1739 1771 1815 1797 ex-

426 1835 618 1897 pellique
644 1853 688 1880 se
717 1835 911 1892 viderat,
937 1835 1180 1896 propitiare
1208 1844 1400 1878 tentasse
1428 1851 1436 1877 :
1464 1833 1677 1895 postridie
1707 1851 1818 1894 quo-

424 1934 509 1977 que
536 1917 581 1960 in
606 1915 869 1978 augurando
900 1924 1158 1977 tempestate
1187 1926 1284 1959 orta
1311 1915 1503 1975 graviter
1528 1914 1783 1977 prolapsum
1803 1950 1814 1972 ,

427 1997 668 2043 identidem
692 1998 1051 2041 obmurmurasse
1080 2014 1089 2039 :

637 2126 679 2158 Τι’
703 2126 763 2170 γάρ
790 2139 842 2170 μοι
868 2123 924 2158 καὶ
951 2126 1083 2170 μακροῖς
1107 2125 1232 2164 αὐ).οῖς;

493 2239 615 2283 VIII.
641 2237 734 2282 Sub
760 2236 875 2281 idem
902 2253 1006 2280 vero
1031 2246 1224 2298 tempus,
1248 2236 1576 2280 Germaniciani
1603 2236 1819 2280 exercitus

426 2319 471 2363 in
489 2317 658 2363 Vitellii
682 2318 816 2362 verba
838 2318 1057 2378 jurarant.
1082 2317 1216 2375 Quod
1238 2326 1287 2361 ut
1304 2317 1538 2377 comperit,
1564 2326 1719 2361 auctor
1756 2331 1820 2359 se-

429 2400 553 2443 natui
588 2399 671 2443 fuit
703 2398 928 2443 mittendae
968 2397 1226 2459 legationis,
1259 2414 1356 2458 quae
1393 2397 1593 2451 doceret,
1629 2396 1818 2441 electum

425 2479 516 2539 jani
545 2480 820 2541 principem3
843 2479 1034 2539 quietem
1058 2489 1101 2522 et
1127 2478 1410 2522 concordiam
1437 2478 1652 2522 suaderet.
1675 2479 1733 2520 Et
1759 2487 1821 2520 ta-

433 2577 533 2604 men
557 2577 634 2620 per
660 2560 964 2604 internuncios
988 2576 1036 2602 ac
1062 2558 1229 2602 litteras
1247 2594 1256 2612 ‚
1281 2569 1529 2602 consortem
1552 2557 1720 2618 imperii
1746 2574 1820 2619 ge-

431 2656 677 2700 nerumque
703 2657 747 2684 se
774 2637 956 2684 Vitellio
980 2638 1154 2682 obtulit.
1184 2641 1348 2683 Verum
1376 2638 1493 2682 haud
1519 2638 1655 2681 dubio
1677 2636 1817 2691 bello,

428 2719 609 2780 Jamque
643 2720 827 2764 ducibus
865 2730 908 2764 et
941 2720 1106 2781 copiis,
1139 2737 1244 2780 quas
1281 2719 1484 2763 Vitellius
1522 2720 1819 2780 praemiserat,
