1971 3342
418 223 483 260 144
944 224 980 257 C.
1008 224 1235 258 SUETONII

415 301 573 359 vitrici,
598 314 864 364 prosecutus,
887 321 1043 364 quum,
1072 305 1208 348 tribus
1230 303 1436 348 elassibus
1455 305 1577 349 factis
1600 322 1680 366 pro
1701 306 1767 349 di—

414 383 577 442 gnitate
594 383 820 443 cujusque,
837 383 986 442 primae
1002 393 1200 426 sex-centa
1217 383 1430 440 sestertia,
1449 384 1647 428 secundae
1668 401 1770 444 qua·

414 460 641 522 dringenta
670 461 911 516 distribuit,
936 461 1122 504 ducenta
1146 462 1302 517 tertiae,
1330 477 1458 521 quam
1491 479 1578 506 non
1611 463 1769 506 amico-

413 557 534 595 rum,
559 542 632 585 sed
656 551 881 602 gratorum
899 539 1156 601 appellabat.

473 622 650 664 XLVII.
686 621 890 680 Princeps
930 635 1068 679 neque
1106 636 1237 680 opera
1274 619 1362 664 ulla
1400 620 1628 681 magnifica
1666 619 1768 663 fecit

413 700 540 761 (nam
571 709 612 743 et
636 715 729 759 quae
750 697 838 742 sola
867 708 1138 758 susceperat,
1166 700 1348 759 Augusti
1377 699 1610 760 templum,
1639 699 1765 742 resti-

414 780 708 838 tutionemque
734 777 984 838 Pompeiani
1007 777 1183 833 theatri,
1208 777 1458 838 imperfecta
1484 787 1584 840 post
1605 787 1670 820 tot
1693 794 1768 820 an-

412 875 489 901 nos
513 856 733 918 reliquit),
769 873 906 917 neque
937 855 1183 917 spectacula
1214 858 1392 900 omnino
1427 856 1585 913 edidit3
1617 866 1660 899 et
1693 855 1764 910 iis,

410 954 505 997 quae
532 938 584 980 ab
619 935 764 996 aliquo
797 936 1047 991 ederentur,
1077 936 1291 979 rarissime
1327 936 1545 991 interfuit,
1582 951 1635 978 ne
1661 936 1766 995 quid

410 1025 726 1076 exposceretur,
755 1016 902 1075 utique
922 1024 1150 1075 postquam
1175 1014 1417 1058 comoedum
1444 1015 1616 1058 Actium
1642 1030 1764 1057 coac-

409 1106 478 1140 tus
509 1104 571 1138 est
598 1095 918 1138 manumittere.
947 1096 1189 1137 Paucorum
1222 1103 1470 1137 senatorum
1495 1093 1642 1152 inopia
1670 1109 1765 1136 sus-

410 1183 593 1230 tentata,
619 1190 674 1217 ne
697 1171 893 1233 pluribus
918 1188 1042 1231 opem
1076 1172 1224 1225 ferret,
1248 1172 1443 1232 negavit,
1470 1188 1513 1215 se
1543 1170 1636 1214 aliis
1665 1171 1766 1214 sub-

410 1262 665 1308 venturum,
693 1253 774 1295 nisi
808 1251 974 1294 senatui
997 1251 1131 1310 justas
1157 1252 1460 1294 necessitatum
1487 1266 1637 1293 causas
1663 1267 1764 1310 pro-

411 1331 594 1375 bassent.
622 1333 722 1388 Quo
745 1340 870 1390 pacto
889 1328 1115 1389 plerosque
1139 1329 1352 1374 modestia
1378 1338 1420 1372 et
1444 1328 1611 1389 pudore
1631 1329 1764 1373 deter-

410 1411 497 1453 ruit
513 1427 522 1453 ε
539 1412 581 1453 in
597 1410 699 1469 quib
707 1426 754 1452 us
769 1408 997 1451 Hortalum
1008 1443 1018 1458 ,
1034 1409 1089 1463 Q
1107 1410 1327 1451 Hortensii
1347 1415 1526 1457 oratoris
1543 1423 1759 1474 nepotem,

409 1489 506 1548 qui,
533 1488 777 1548 permodica
807 1504 853 1531 re
880 1485 1098 1538 familiari,
1128 1496 1302 1531 auctore
1334 1498 1549 1555 Augusto,
1575 1502 1764 1552 quatuor

411 1566 565 1612 liberos
594 1566 765 1610 tulerat.

471 1656 672 1699 XLVIII.
704 1654 879 1698 Publice
904 1655 1241 1699 munificentiam
1266 1655 1329 1697 bis
1348 1654 1524 1697 omnino
1542 1650 1763 1695 exhibuit:

410 1734 633 1793 proposito
669 1732 822 1777 millies
849 1735 1045 1777 sestertio
1075 1734 1264 1793 gratuito
1293 1733 1335 1775 in
1364 1731 1537 1775 triennii
1568 1739 1765 1788 tempus3

408 1821 451 1854 ct
478 1829 646 1868 rursus,
671 1812 930 1871 quibusdam
949 1812 1134 1856 dominis
1162 1809 1420 1867 insularum,
1442 1810 1598 1869 quaein
1617 1816 1764 1852 monte

408 1889 545 1933 Coelio
574 1890 882 1951 dessagrarant,
912 1891 1052 1952 pretio
1087 1890 1298 1933 restituto.
1326 1890 1526 1945 Quorum
1553 1886 1763 1941 alterum,

409 1985 565 2029 magna
583 1968 835 2012 difficultate
856 1970 1099 2012 nummaria
1115 1967 1277 2027 populo
1295 1967 1502 2010 auxilium
1520 1967 1760 2026 flagitante,

408 2057 581 2091 coactus
613 2057 677 2091 est
703 2048 862 2102 facere,
892 2063 1026 2105 quum
1049 2062 1127 2105 per
1154 2046 1576 2089 senatusconsultum
1603 2046 1766 2088 sanxis-

409 2135 490 2180 set,
521 2135 571 2168 ut.
592 2125 853 2168 feneratores
879 2124 983 2166 duas
1003 2125 1251 2184 patrimonii
1281 2135 1421 2184 partes
1447 2126 1490 2167 iu
1519 2124 1610 2168 solo
1633 2123 1765 2167 collo-

409 2214 580 2259 carent,
613 2203 827 2246 debitores
859 2203 1034 2246 totidem
1067 2205 1160 2246 aeris
1188 2203 1315 2246 alieni
1351 2205 1495 2247 statim
1527 2203 1765 2257 solverent,

409 2299 486 2325 uec
504 2299 571 2325 res
594 2283 893 2342 expediretur:
914 2281 1121 2337 alterum,
1144 2282 1197 2324 ad
1222 2282 1502 2342 mitigandam
1522 2293 1764 2343 temporum

408 2363 692 2404 atrocitatem.
713 2361 843 2418 Quod
866 2371 1008 2404 tamen
1034 2361 1289 2404 beneficium
1314 2363 1422 2404 tanti
1446 2363 1691 2417 aestimavit,
1719 2370 1766 2403 ut

407 2450 599 2486 montem
614 2439 820 2496 Coelium,
842 2439 1131 2500 appellatione
1153 2449 1317 2481 mutata
1332 2474 1342 2494 ,
1362 2442 1504 2483 vocari
1523 2443 1762 2500 Augustum

405 2523 591 2587 jusserit.
617 2519 749 2563 Militi
779 2530 874 2579 post
901 2518 1119 2578 duplicata
1141 2535 1190 2560 ex
1218 2521 1403 2579 Augusti
1430 2529 1684 2562 testamento
1707 2519 1762 2561 le-

408 2611 503 2659 gata
526 2601 634 2643 nihil
659 2615 849 2657 uuquam
875 2598 1054 2656 largitus
1073 2607 1158 2655 est,
1186 2608 1468 2657 praeterquam
1490 2597 1653 2656 singula
1678 2597 1765 2640 mil-
