1971 3342
369 246 441 290 248
897 242 935 277 C.
965 241 1192 277 SUETONII

369 328 580 389 Olympiis
606 342 706 369 vero
729 326 858 368 etiam
878 323 1191 384 deceinjugen13
1220 321 1412 381 quamvis
1439 320 1481 363 id
1507 321 1647 380 ipsum
1670 321 1713 363 in

371 424 469 469 rege
485 405 737 451 Mithridate
756 405 941 448 camnine
957 402 1143 462 quodam
1163 418 1240 445 suo
1263 399 1615 461 reprehendisset.
1635 399 1717 443 Sed

372 502 572 530 excussus
603 501 759 540 curru,
789 500 837 526 ac
872 499 1018 526 rursus
1052 482 1288 541 repositus,
1316 495 1450 539 quum
1483 478 1719 539 perdurare

373 583 461 609 non
480 574 646 626 posset,
669 564 829 607 destitit
853 571 949 605 ante
974 561 1226 615 decursum3
1246 575 1382 618 neque
1407 575 1456 601 eo
1483 557 1618 601 secius
1647 573 1720 600 eo-

375 655 553 689 ronatus
579 653 652 687 est.
678 642 899 687 Decedens
923 640 1098 697 deinde,
1125 640 1388 700 provinciam
1415 638 1655 680 universam
1675 635 1725 678 li-

377 725 539 767 bertate
576 722 776 776 donavit3
810 719 1022 779 simulque
1059 718 1222 779 judices
1250 718 1420 760 civitate
1451 731 1655 771 romana,
1684 724 1728 758 et

380 802 560 862 pecunia
585 799 749 861 grandi.
776 800 882 856 Quae
901 797 1108 842 beneficia
1129 814 1151 840 e
1176 795 1316 839 medio
1345 795 1503 850 stadio,
1531 794 1728 837 Isthmio-

380 898 475 924 rum
498 880 567 923 die
583 914 593 934 ,
617 895 692 923 sua
711 880 800 938 ipse
824 894 928 921 voce
955 877 1265 937 pronunciavit.

446 960 585 1002 XXV.
614 960 823 1002 Reversus
851 974 873 999 e
903 956 1070 1000 Graecia
1095 953 1331 1015 Neapolin,
1361 953 1476 1013 quod
1503 954 1546 995 in
1571 969 1617 995 ea
1647 953 1732 1012 pri-

388 1055 506 1081 mum
521 1047 656 1081 artem
678 1035 940 1096 protulerat,
963 1034 1069 1078 albis
1086 1035 1206 1093 equis
1224 1034 1408 1087 introiit,
1423 1032 1597 1091 disjecta
1614 1040 1733 1091 parte

385 1118 523 1171 muri,
548 1125 595 1158 ut
624 1132 716 1157 mos
745 1114 1064 1157 hieronicarum
1096 1121 1170 1154 est.
1201 1110 1336 1155 Simili
1366 1110 1495 1153 modo
1526 1110 1704 1153 Antium
1724 1143 1735 1164 ,

388 1195 488 1238 inde
518 1193 761 1247 Albanum,
788 1193 886 1235 inde
911 1194 1107 1235 Romam.
1135 1190 1218 1234 Sed
1241 1199 1283 1233 et
1304 1193 1486 1233 Romam
1508 1205 1557 1232 eo
1580 1205 1710 1232 curru
1725 1223 1736 1242 ‚

389 1290 474 1333 quo
497 1275 715 1333 Augustus
736 1271 837 1315 olim
858 1272 1221 1331 triumphaverat,
1246 1280 1288 1312 et
1308 1270 1350 1311 in
1370 1278 1484 1311 veste
1502 1283 1738 1328 purpurea,

390 1353 672 1411 distinctaque
693 1350 823 1395 stellis
849 1351 988 1394 aureis
1017 1348 1263 1409 chlamyde,
1287 1363 1578 1406 coronamque
1600 1348 1739 1406 capite

388 1448 539 1491 gerens
582 1430 891 1491 Olympiacam,
924 1429 1072 1473 dextra
1109 1444 1237 1471 manu
1275 1427 1491 1487 pythiam,
1524 1435 1740 1485 praeeunte

390 1526 550 1569 pompa
583 1519 819 1552 ceterarum
854 1525 952 1551 cum
991 1506 1149 1561 titulis,
1179 1525 1198 1546 «
1217 1506 1352 1559 ubi,»
1379 1515 1421 1548 et
1448 1521 1617 1564 «quos,
1655 1520 1740 1563 quo

393 1589 668 1643 cantionum,
690 1604 829 1646 quove
862 1586 1106 1629 fabularum
1135 1593 1389 1644 argumento
1415 1584 1610 1637 vicisset;
1629 1602 1649 1623 >›
1674 1599 1740 1625 se-

391 1666 621 1726 quentibus
660 1682 834 1709 currum
870 1666 1092 1708 ovantium
1120 1665 1205 1707 ritu
1232 1662 1531 1723 plausoribus,
1557 1663 1741 1721 «Augu-

392 1746 579 1799 stianos,
617 1744 853 1803 militesque
879 1761 921 1786 se
959 1743 1167 1802 triumphi
1206 1743 1321 1801 ejus,
1347 1760 1366 1781 n
1410 1740 1741 1783 clamitantibus.

393 1825 585 1879 Dehinc,
608 1823 751 1867 diruto
786 1824 899 1867 Circi
929 1823 1102 1865 maximi
1133 1837 1234 1865 arcu
1254 1855 1265 1876 ,
1290 1836 1365 1880 per
1393 1819 1628 1864 Velabrum
1658 1821 1741 1861 Fo-

395 1918 577 1962 rumque
592 1937 603 1958 ,
631 1901 840 1945 Palatium
861 1911 904 1945 et
925 1900 1166 1961 Apollinem
1190 1901 1324 1960 petiit.
1346 1898 1566 1942 Incedenti
1587 1898 1745 1957 passini

396 1982 577 2024 victimae
608 1997 747 2037 caesae,
782 1997 928 2041 sparso
965 1997 1040 2040 per
1074 1981 1163 2022 vias
1194 1977 1425 2021 identidem
1457 1992 1603 2032 croco,
1632 1977 1747 2036 inge·

397 2069 553 2119 staeque
584 2076 705 2115 aves,
732 2078 780 2103 ac
806 2059 1019 2112 lemnisci,
1048 2067 1088 2100 et
1111 2055 1299 2099 bellaria.
1324 2057 1474 2099 Sacras
1496 2071 1677 2099 coronas
1703 2056 1747 2098 in

398 2137 605 2180 cubiculis
631 2139 791 2180 circum
820 2137 949 2180 lectos
974 2137 1117 2196 posuit
1141 2153 1148 2178 :
1175 2137 1273 2178 item
1299 2144 1459 2178 statuas
1492 2150 1589 2178 suas
1615 2134 1749 2178 citha-

401 2214 559 2259 roedico
584 2216 757 2271 habitu3
780 2232 863 2275 qua
892 2226 994 2258 nota
1027 2216 1155 2258 etiam
1185 2230 1412 2258 nummum
1436 2214 1657 2274 percussit.
1685 2215 1748 2257 Ac

401 2305 498 2354 post
518 2295 607 2337 haec
629 2304 798 2338 tantum
821 2296 958 2338 abfuit
975 2312 999 2338 a
1018 2293 1275 2338 remittendo
1291 2293 1559 2353 laxandoque
1580 2292 1722 2337 studio
1736 2327 1747 2346 ‚

403 2384 470 2430 ut,
507 2373 808 2417 conservandae
839 2374 954 2417 vocis
982 2374 1142 2433 gratia,
1169 2389 1311 2431 neque
1348 2372 1502 2415 milites
1533 2387 1747 2431 unquam,

404 2453 483 2496 nisi
528 2453 700 2507 absens,
734 2463 807 2496 aut
844 2453 927 2496 alio
964 2453 1091 2495 verba
1129 2453 1460 2511 pronunciante,
1495 2449 1748 2511 appellarit;

405 2548 540 2590 neque
568 2533 796 2591 quicquam
822 2533 931 2575 serio
954 2532 1107 2591 jocove
1131 2532 1288 2590 egerit,
1318 2532 1395 2574 nisi
1421 2531 1614 2574 adstante
1638 2529 1749 2588 pho-

408 2627 531 2654 nasco
550 2646 559 2665 ,
584 2613 656 2670 qui
682 2622 895 2666 moneret,
911 2620 1099 2671 parceret
1120 2612 1303 2667 arteriis,
1326 2628 1372 2655 ac
1390 2610 1607 2653 sudarium
1627 2608 1679 2652 ad
1703 2624 1748 2651 os
