1971 3342
460 245 532 283 224
1001 245 1037 279 C.
1071 245 1299 280 SUETONII

462 326 618 369 ratoris
646 324 760 370 ultro
788 328 1179 387 procucurrissent.
1216 329 1329 373 Nam
1360 325 1467 370 illud
1494 344 1669 371 omnem
1695 328 1823 372 fidem

459 408 706 463 excesserit,
739 407 856 468 quod
888 408 1072 468 nuptiis,
1107 425 1213 468 quas
1237 406 1472 452 Messalina
1503 424 1602 451 cum
1627 407 1823 452 adultero

459 485 568 530 Silio
598 487 777 544 fecerat,
819 486 994 531 tabellas
1027 487 1140 531 dotis
1171 497 1213 531 et
1254 488 1343 548 ipse
1378 487 1726 548 consignaverit3
1761 488 1825 531 in-

457 565 632 621 ductus,
656 568 777 628 quasi
804 566 855 611 de
883 566 1096 611 industria
1114 567 1436 623 simularentur,
1459 566 1512 610 ad
1538 566 1821 612 avertendum

458 645 892 708 transferendumque
926 645 1192 707 periculum,
1227 645 1345 708 quod
1377 647 1604 691 imminere
1634 647 1714 707 ipsi
1745 663 1824 707 per

456 726 653 785 quaedam
677 736 847 770 ostenta
872 726 1218 787 portenderetur.

520 808 663 850 XXX.
698 808 947 851 Auctoritas
976 806 1251 867 dignitasque
1283 806 1432 851 formae
1464 823 1551 851 non
1587 805 1722 850 defuit
1755 806 1821 850 vel

453 886 601 942 stanti,
629 886 694 930 vel
724 886 910 942 sedenti,
937 904 986 930 ae
1008 888 1224 948 praecipue
1244 888 1495 948 quiescenti.
1522 889 1633 932 Nam
1660 897 1702 930 et
1723 904 1823 947 pro-

454 965 560 1022 lixo,
589 983 666 1010 nec
694 966 813 1023 exili,
840 984 1023 1028 corpore
1058 976 1174 1023 erat3
1210 977 1252 1011 et
1284 968 1423 1028 specie
1454 968 1696 1027 canitieque
1723 966 1820 1027 pul-

452 1046 576 1101 chra,
599 1047 754 1107 opimis
776 1047 1027 1090 cervicibus.
1053 1049 1258 1091 Ceterum
1281 1057 1322 1090 et
1349 1046 1667 1108 ingredientem
1693 1046 1821 1090 desti-

454 1126 635 1169 tuebant
661 1125 846 1186 poplites
875 1127 1018 1170 minus
1044 1127 1178 1182 firmi,
1208 1136 1251 1169 et
1275 1127 1451 1170 remisse
1478 1126 1584 1186 quid
1608 1126 1674 1170 vel
1709 1126 1820 1170 serio

453 1215 653 1265 agentem
680 1205 818 1250 multa
847 1205 1188 1250 dehonestabant
1213 1223 1222 1250 :
1251 1207 1362 1250 risus
1384 1205 1611 1262 indecens3
1639 1207 1703 1249 ira
1733 1216 1822 1250 tur-

453 1286 571 1345 pior,
614 1296 846 1347 spumante
885 1287 1017 1343 rictu,
1057 1287 1340 1331 humentibus
1376 1286 1579 1342 naribus3
1614 1296 1821 1347 praeterea

456 1364 614 1426 linguae
653 1367 903 1423 titubantia,
947 1377 1185 1428 caputque,
1227 1383 1364 1427 quum
1408 1382 1599 1427 semper,
1640 1376 1734 1410 tum
1777 1367 1819 1409 in

455 1444 856 1507 quantulocumque
883 1456 982 1490 actu
1011 1446 1075 1490 vel
1102 1448 1289 1490 maxime
1316 1445 1564 1491 tremulum.

511 1527 674 1570 XXXI.
703 1525 967 1570 Valetudine
986 1527 1097 1571 sicut
1114 1526 1216 1570 olim
1244 1527 1388 1588 gravi,
1417 1527 1475 1570 ita
1498 1526 1699 1587 princeps
1722 1543 1821 1587 per-

450 1621 655 1668 prospera
682 1624 784 1652 usus
809 1618 889 1664 est,
914 1618 1092 1668 excepto
1117 1608 1330 1652 stomachi
1354 1607 1523 1664 dolore,
1546 1624 1632 1667 quo
1658 1625 1702 1651 se
1722 1624 1817 1651 cor-

453 1698 622 1747 reptum
647 1688 776 1731 etiam
799 1687 851 1731 de
875 1688 1180 1732 consciscenda
1202 1699 1342 1732 morte
1368 1689 1577 1749 cogitasse
1602 1687 1722 1732 dixit.

513 1770 699 1812 XXXII.
728 1769 940 1812 Convivia
963 1769 1138 1830 agitavit
1162 1778 1204 1812 et
1223 1767 1366 1829 ampla
1385 1778 1428 1812 et
1446 1768 1615 1812 assidua
1629 1803 1641 1823 ,
1664 1785 1712 1813 ac
1733 1768 1820 1812 fere

453 1849 760 1909 patentissimis
788 1847 913 1901 locis,
944 1858 991 1892 ut
1017 1848 1276 1909 plerumque
1303 1849 1547 1892 sexcenteni
1579 1848 1705 1892 simul
1732 1848 1819 1892 dis-

447 1928 716 1972 cumberent.
743 1930 1010 1972 Convivatus
1041 1939 1104 1973 est
1134 1939 1177 1972 et
1205 1945 1336 1988 super
1363 1929 1632 1971 emissarium
1665 1929 1818 1971 Fucini

451 2008 589 2063 lacus,
623 2026 671 2053 ac
701 2026 819 2070 paene
849 2025 1132 2065 summersus,
1169 2026 1304 2068 quum
1331 2009 1484 2051 emissa
1512 2009 1677 2068 impetu
1706 2025 1819 2068 aqua

450 2090 746 2133 redundasset.
772 2090 1017 2133 Adhibebat
1043 2090 1161 2132 omni
1187 2105 1318 2132 coenae
1342 2098 1383 2131 et
1410 2088 1568 2132 liberos
1593 2105 1692 2132 suos
1718 2106 1817 2133 cum

450 2170 596 2229 pueris
632 2168 870 2229 puellisque
906 2168 1148 2224 nobilibus,
1179 2170 1253 2229 qui
1283 2186 1404 2212 more
1431 2170 1567 2212 veteri
1597 2168 1651 2213 ad
1680 2168 1817 2213 fulcra

450 2248 661 2293 lectorum
706 2248 900 2292 sedentes
939 2259 1228 2292 vescerentur.
1275 2250 1479 2293 Convivae
1497 2285 1508 2304 ‚
1556 2251 1630 2309 qui
1679 2249 1817 2310 pridie

450 2330 659 2390 scyphum
684 2347 863 2373 aureum
891 2330 1150 2389 surripuisse
1175 2330 1524 2386 existimabatur,
1545 2339 1747 2373 revocato
1773 2332 1815 2373 in

449 2410 562 2453 diem
587 2420 828 2470 posterum,
854 2409 1028 2454 calicem
1059 2408 1236 2453 fictilem
1260 2411 1474 2470 apposuit.
1496 2411 1668 2454 Dicitur
1687 2410 1815 2453 etiam

450 2490 679 2534 meditatus
696 2491 883 2535 edictum
896 2525 907 2547 ,
933 2507 1049 2550 «quo
1064 2491 1231 2533 veniam
1251 2489 1392 2545 daret,
1414 2490 1563 2534 flatum
1581 2490 1816 2550 crepitum-

454 2587 538 2629 que
568 2571 730 2614 ventris
762 2571 805 2613 in
841 2571 1042 2614 convivio
1078 2569 1328 2626 emittendi3
1358 2589 1377 2610 n
1411 2587 1573 2630 quum,
1601 2568 1817 2629 periclita-

450 2660 541 2693 tum
569 2650 798 2711 quemdam
837 2667 924 2710 prae
952 2649 1117 2709 pudore
1142 2666 1190 2693 ex
1219 2651 1505 2706 continentia,
1534 2650 1778 2711 reperisset.
