1971 3342
351 217 419 251 1:30
966 218 1117 253 NOTAE

345 295 631 343 tempestatibus
658 295 776 331 dediti
811 296 977 341 abirent,
1010 297 1261 346 fugerentque
1298 301 1458 331 vastatas
1487 293 1742 332 delationibus

346 366 485 403 terras,
506 364 575 393 etc.
601 374 615 388 υ

402 421 628 468 Quocunque
660 429 776 457 vento.
806 423 931 457 Vento
955 422 1065 457 etiam
1084 422 1244 457 adverso
1268 427 1393 456 sontes
1416 418 1523 455 avehi
1541 419 1742 466 jubebant,

344 496 389 518 cx
417 483 502 518 eod.
535 483 650 529 Plin.,
673 484 760 518 ibid.
786 498 797 518 .·
817 499 835 515 «
850 485 1071 520 Delatorum
1097 483 1218 520 classis
1242 483 1422 531 permissa
1443 481 1620 518 omnibus
1645 494 1742 518 ven—

343 546 408 591 tis,
439 553 646 593 coactaque
670 547 750 582 vela
776 547 1062 594 tempestatibus
1083 546 1273 594 pandere,
1299 546 1491 593 iratosque
1519 543 1657 580 fluctus
1680 556 1742 580 se·-

343 608 426 654 qui,
450 621 701 655 quoscunque
724 609 763 643 in
783 611 961 656 scopulos
987 609 1217 646 detulissent.
1238 624 1256 641 n

397 670 486 705 CAP.
508 671 667 706 LXVII.
689 672 986 719 Exsequebatur.
1004 673 1053 707 H.
1075 684 1106 707 e.
1127 671 1312 719 puniebat
1329 683 1402 718 pro
1428 669 1547 705 modo
1565 670 1686 717 culpae
1705 677 1742 705 et

341 745 462 779 poenae
490 733 713 768 constitutae.
738 733 878 779 Tacit,
910 736 1034 782 Agrc'c.
1051 761 1061 776 ‚
1083 747 1124 769 ix
1147 747 1154 768 :
1178 750 1199 765 «
1215 733 1352 769 Omnia
1371 734 1483 778 scire,
1501 745 1588 768 «non
1615 732 1741 768 omnia

342 795 509 841 exsequi.
530 811 549 827 ))

399 856 635 892 Connivebat.
661 859 707 893 H.
740 870 771 892 e.
805 858 949 905 reliqua
985 859 1102 894 oculis
1133 859 1240 906 quasi
1271 857 1404 893 clausis
1433 857 1668 905 praeteribat,
1698 865 1742 892 ut

341 919 436 964 (lic,
458 920 579 961 Phil„
608 933 645 963 1,
676 933 694 964 7
723 933 730 953 τ
760 936 777 951 (ι
799 920 873 955 Sed
899 933 941 955 ea
973 920 1052 969 ipsa
1085 920 1278 963 concedo,
1306 919 1535 967 quibusdam
1560 920 1672 955 etiam
1697 920 1738 954 in

340 981 454 1016 rebus
482 981 680 1016 conniveo.
697 997 715 1013 υ

403 1045 610 1079 Tituriana.
632 1043 731 1078 Vide
752 1057 865 1090 supra
880 1072 889 1087 ‚
913 1057 996 1079 xxv.

393 1106 481 1140 CAP.
503 1107 678 1141 LXVIII.
703 1105 980 1141 Centuriones...
999 1119 1020 1140 e
1040 1107 1179 1140 viatico
1198 1118 1274 1142 suo.
1298 1107 1344 1141 H.
1372 1118 1402 1140 e.
1426 1104 1588 1152 quisque
1602 1112 1738 1140 eentu-

338 1169 398 1203 rio
425 1181 462 1203 se
486 1168 651 1215 equitem
667 1176 901 1203 armatarum
915 1176 950 1204 et
976 1175 1271 1204 sustentaturum
1286 1168 1528 1203 facultatibus
1553 1168 1628 1203 suis
1648 1168 1740 1215 pol-

339 1230 461 1265 licitus
480 1237 544 1265 est.
570 1231 724 1275 Horat.‚
745 1231 866 1278 Epist.
895 1245 946 1272 11,
972 1244 991 1266 2
1007 1260 1015 1275 ‚
1045 1231 1093 1266 26
1119 1245 1126 1265 :

475 1332 598 1364 Luculli
617 1333 705 1364 miles
724 1334 853 1364 collecta
870 1333 982 1364 viatica
1001 1334 1105 1364 multis

482 1389 661 1426 AErumnis,
684 1389 780 1421 lassus
797 1389 872 1420 dum
892 1396 988 1421 noctu
1008 1390 1128 1426 stertit,
1151 1390 1189 1421 ad
1207 1401 1305 1422 assem

479 1445 673 1477 Perdiderat.

400 1542 434 1575 Τ
432 1543 584 1576 utelam.
618 1542 663 1576 H.
691 1554 721 1576 e.
755 1544 1086 1586 sustentationem3
1113 1544 1210 1577 tueri
1234 1543 1332 1577 enim
1363 1549 1418 1576 est
1444 1542 1561 1587 alere,
1581 1548 1626 1577 ut
1650 1543 1737 1578 Ma-

337 1604 442 1639 crob.
459 1631 468 1648 ‚
492 1604 639 1638 Saturn.
665 1616 718 1649 11,
751 1616 772 1639 2
802 1618 808 1638 :
835 1606 1012 1640 «Testem
1042 1605 1309 1654 interrogavit,
1331 1604 1420 1651 quia
1447 1611 1616 1640 sutorem
1642 1604 1736 1640 scie-

336 1667 402 1702 bat
417 1695 426 1710 ,
450 1678 529 1713 quo
550 1664 711 1701 artificio
733 1679 771 1702 se
796 1673 978 1702 tueretur.
1011 1684 1024 1699 ›,

391 1729 634 1764 Recusarmzt.
665 1729 768 1764 Inter
788 1729 880 1764 alios
906 1730 1176 1764 memorandus
1196 1730 1360 1764 Granius
1384 1728 1633 1774 Petronnius‚
1652 1728 1739 1776 qui,

337 1798 446 1838 capta
471 1791 511 1825 in
544 1790 673 1825 Africa
694 1791 801 1836 navi,
827 1791 996 1839 Scipioni
1020 1792 1178 1826 salutem
1203 1791 1327 1835 danti,
1356 1790 1555 1838 respondit
1574 1803 1622 1825 ex
1643 1792 1738 1826 Plu-

336 1854 473 1899 tarch,
499 1854 536 1887 in
560 1853 655 1888 CoeS-
680 1866 691 1886 ··
717 1850 779 1891 ὅτι
806 1863 861 1892 τεῦ
882 1860 1048 1903 Καίσαρες
1075 1860 1280 1904 στραιτιώτας
1304 1860 1336 1891 οὐ
1364 1856 1564 1903 λαμὲοίνειν,
1585 1858 1668 1892 ἀλλὰ
1690 1855 1739 1891 δ’.-

336 1919 430 1954 (Ῡόναι
450 1921 610 1965 σωτηρίαν
639 1922 703 1959 ἔθος
724 1921 820 1954 ἐστίν,
846 1915 945 1950 Vide
974 1915 1143 1961 ejusdem
1170 1916 1340 1962 exempla
1368 1915 1406 1950 in
1436 1917 1586 1950 VALER.
1610 1916 1739 1961 Max„

336 1991 384 2012 111
397 2007 406 2023 ,
427 1977 462 2013 8.

390 2042 454 2076 Ex
478 2041 608 2076 herba.
633 2041 740 2084 Caes„
768 2041 864 2075 Bell.
892 2040 989 2082 Ciu„
1012 2052 1081 2085 111,
1105 2040 1150 2082 48
1182 2054 1189 2074 ;
1217 2040 1309 2075 «Est
1332 2040 1444 2075 etiam
1469 2052 1588 2089 genus
1601 2040 1738 2077 radicis

336 2104 532 2138 inventum
556 2103 603 2138 ab
629 2102 692 2146 iis,
713 2102 779 2149 qui
793 2101 944 2137 fuerant
956 2114 1042 2136 cum
1055 2101 1231 2144 Valerio,
1244 2101 1351 2149 quod
1371 2102 1712 2149 appellaturchara
1725 2131 1735 2145 ,

337 2165 444 2212 quod
459 2165 667 2200 admixtum
682 2166 777 2199 lacte
794 2164 954 2198 multum
969 2163 1138 2210 inopiam
1150 2164 1311 2199 levabat.
1327 2164 1373 2199 Id
1392 2163 1440 2199 ad
1454 2163 1737 2200 similitudinem

337 2227 444 2274 panis
471 2225 685 2262 efficiebant
713 2239 720 2261 :
748 2226 829 2272 ejus
849 2233 929 2261 erat
948 2239 1083 2274 magna
1103 2226 1224 2273 copia.
1245 2228 1301 2262 Ex
1325 2227 1398 2262 hoc
1423 2226 1579 2262 effectos
1603 2239 1737 2274 panes,

338 2301 458 2336 quum
486 2288 526 2323 in
545 2288 745 2336 colloquiis
772 2287 993 2336 Pompeiani
1017 2288 1153 2323 famem
1177 2289 1316 2324 nostris
1345 2288 1599 2335 objectarent,
1620 2291 1737 2339 vulgo

336 2351 375 2385 in
406 2363 470 2386 eos
487 2350 702 2397 jaciebant,
725 2358 767 2385 ut
786 2363 890 2398 spem
916 2363 1049 2386 eorum
1063 2350 1289 2386 minuerent.
1304 2368 1317 2383 υ
1332 2352 1498 2386 Herbani
1526 2351 1623 2386 hanc
1645 2353 1735 2399 lap-

339 2426 475 2448 sanam
488 2420 600 2448 vocat
619 2413 712 2448 Plin.
725 2442 733 2458 ‚
760 2414 804 2448 H.
827 2413 885 2455 N,
907 2425 974 2448 xlx
987 2441 996 2456 ‚
1018 2413 1054 2449 8.

396 2476 663 2511 consolandos.
686 2476 798 2521 ·Caes.‚
820 2476 917 2510 Bell.
942 2475 1036 2517 Cim,
1063 2488 1130 2521 111,
1158 2476 1203 2520 73
1234 2489 1241 2510 t
1264 2492 1277 2505 «ι
1293 2477 1525 2512 Concionein
1539 2477 1643 2524 apud
1660 2476 1734 2511 rni-

338 2537 420 2572 lites
448 2537 602 2579 habuit,
623 2538 873 2585 hortatusque
897 2544 969 2581 est,
992 2550 1039 2573 ne
1062 2549 1104 2572 ea
1131 2550 1214 2585 quae
1234 2538 1454 2574 accidissent
1470 2538 1635 2588 graviter
1654 2538 1733 2573 fer--

340 2607 441 2643 rent,
462 2612 554 2635 neve
566 2600 623 2634 his
642 2601 755 2635 rebus
771 2607 1023 2644 terrerentur,
1042 2600 1245 2648 multisque
1265 2601 1439 2637 secundis
1458 2600 1601 2648 proeliis
1616 2612 1734 2635 unum

342 2660 562 2705 adversum,
587 2669 623 2697 et
652 2661 689 2696 id
718 2662 925 2707 mediocre,
952 2671 1210 2710 opponerent,
1238 2671 1305 2699 etc.
1324 2681 1336 2695 υ
