1988 3407
644 271 696 306 IN
727 271 838 306 OCT.
869 273 1165 310 AUGUSTUM.
1536 293 1603 329 ¹97

260 344 377 380 Calvi.
399 347 438 382 C.
466 347 602 382 Licinii
627 348 748 394 Calvi,
774 349 821 384 de
846 362 927 397 quo
952 349 1040 386 vide
1066 353 1171 398 Cic.‚
1196 355 1322 398 Brut„
1348 368 1475 391 Lxxxi.

258 407 425 442 Palatio.
441 409 527 444 Scil.
548 409 719 446 Palatino
738 417 879 447 monte.
900 411 997 457 Dio,
1020 425 1095 448 nn
1109 441 1120 460 ‚
1139 427 1177 462 p.
1201 415 1273 461 507
1298 429 1306 450 :
1328 424 1490 457 Καλεῖται
1505 421 1543 458 δὲ
1564 425 1607 459 τὰ

203 472 356 508 &zoilum
378 478 559 518 Παλάτιον,
573 478 621 510 ὅτι
646 479 675 511 ἔν
691 491 726 511 τε
737 483 783 523 τῷ
804 480 982 525 Παλατίνῳ
1000 482 1012 513 ἑ
1035 482 1167 527 Καῖσαρ
1191 483 1264 527 ᾤκει
1278 509 1286 524 ‚
1306 481 1359 517 mii
1378 486 1444 518 ἐκεῖ
1462 486 1497 519 τὸ
1513 500 1609 532 στρα-

201 537 310 581 τγζγιεν
327 533 402 582 εἶχε.

258 593 376 629 Cultu.
400 595 445 631 H.
466 607 497 630 e.
521 602 668 631 ornatu.

254 657 503 693 Albanarum.
525 660 582 694 Ex
608 666 740 695 monte
760 660 937 708 Albano,
957 662 1067 709 cnjus
1094 662 1191 711 lapis
1219 664 1348 714 exigui
1372 673 1454 702 erat
1476 666 1606 715 pretii,

202 731 321 766 quum
345 720 394 755 ob
423 719 617 768 viciniam,
643 728 724 757 tum
748 723 837 771 quia
863 723 987 760 mollis
1010 732 1123 771 esset,
1145 733 1244 762 auct.
1265 727 1436 773 vitruv„
1465 741 1521 776 11,
1550 742 1570 776 7
1596 743 1604 765 :

199 796 214 811 «
238 782 334 816 Sunt
355 781 455 817 enim
475 783 554 818 aliae
577 784 731 830 molles,
752 791 795 820 ut
820 785 920 822 circa
934 787 1079 824 L'rbem
1100 788 1244 836 rubrae,
1263 789 1483 838 paffienses,
1503 790 1603 828 fide-

196 849 322 888 nates,
347 844 502 880 albanae.
527 863 542 877 ι)

255 897 401 932 Eodem
427 898 606 935 cubiculo.
633 901 762 946 Quum
793 900 833 937 iu
854 903 1132 941 consuetudine
1156 904 1255 941 illius
1283 906 1467 955 temporis
1490 916 1604 952 esset,

196 958 267 994 alia
288 959 429 997 habere
447 961 630 1008 hiberna,
652 963 723 1000 alia
751 965 878 1002 aestiva
899 966 1087 1004 cubicula.

248 1031 295 1065 In
330 1031 427 1067 Urbe
460 1033 650 1070 hiemaret.
686 1035 941 1074 Disertissime
969 1039 1021 1079 Cl,
1052 1041 1158 1076 Hase
1186 1054 1198 1076 .·
1226 1042 1439 1088 «Quamvis
1473 1055 1603 1080 omnes

194 1090 335 1129 hiemes
353 1091 392 1128 in
420 1095 526 1131 Urbe
546 1096 788 1146 transigeret,
808 1112 929 1148 eaque
949 1102 1160 1139 valetudini
1181 1116 1254 1140 suae
1280 1116 1417 1152 parum
1443 1105 1602 1153 salubri,

194 1159 322 1190 tamen
346 1168 394 1192 ne
414 1157 631 1194 cubiculum
653 1160 811 1208 quidem
828 1163 1000 1200 muravit.
1022 1181 1042 1197 υ
1328 1203 1333 1206 ,

251 1216 476 1263 Syracusas.
502 1221 615 1257 Hunc
635 1222 765 1258 locum
792 1237 813 1260 a
833 1225 981 1274 reiiqua
1003 1227 1121 1262 domo
1147 1228 1361 1274 sejunctum
1390 1230 1603 1277 Syracusas

194 1281 412 1328 Augustum
432 1281 568 1318 dixisse
592 1291 704 1332 putat
723 1288 960 1331 Beroaldus,
990 1290 1079 1337 quia
1106 1297 1142 1325 et
1160 1290 1216 1326 hae
1245 1298 1354 1328 erant
1373 1291 1602 1341 dispertitae,

195 1347 231 1375 et
249 1352 338 1388 pars
367 1354 386 1378 a
407 1351 538 1391 parte,
563 1352 743 1394 tanquam
773 1349 866 1385 urbs
894 1350 941 1385 ab
962 1351 1059 1387 urbe
1082 1350 1283 1400 disjuncta.

247 1418 437 1462 Τεχνόφυον.
459 1414 553 1450 Ideo
579 1416 686 1464 quod
711 1417 751 1453 in
770 1419 863 1456 locis
883 1421 1037 1457 secretis
1065 1421 1188 1460 omnis
1209 1436 1298 1460 suus
1319 1431 1469 1461 constat
1490 1419 1604 1475 ingess

193 1471 266 1508 niis
290 1473 412 1522 vigor,
443 1477 490 1511 ad
522 1478 642 1515 multa
672 1481 935 1529 excogitanda.
965 1483 1020 1520 Cf.
1057 1486 1190 1532 Pmn„
1220 1487 1364 1535 Epist„
1399 1500 1433 1534 1,
1457 1499 1482 1536 9
1506 1499 1515 1523 :
1537 1488 1601 1523 «O

193 1537 317 1572 mare!
347 1549 370 1572 0
390 1537 495 1574 litus!
520 1552 654 1577 verum
676 1550 940 1593 secretumque
968 1552 1133 1597 nevasia-2,
1155 1560 1269 1597 quarn
1298 1549 1417 1585 multa
1450 1549 1602 1585 inveni-

192 1596 257 1642 tis,
283 1610 399 1646 quam
417 1602 536 1637 multa
559 1602 730 1641 dictatis!
749 1622 763 1636 υ

248 1660 431 1698 Herculis.
457 1663 504 1699 In
527 1664 635 1712 cujus
662 1667 779 1704 tutela
806 1667 928 1704 Tibur
948 1676 1040 1706 erat.
1064 1672 1250 1719 Martial.‚
1272 1687 1308 1719 1,
1334 1674 1377 1710 13
1401 1687 1408 1709 :

382 1778 450 1809 Itur
469 1777 509 1809 ad
528 1780 678 1813 Herculei
697 1781 815 1824 gelidas
832 1794 894 1827 qua
913 1785 1044 1818 Tiburis
1059 1798 1155 1820 arces.

192 1891 316 1939 Hujus
335 1895 467 1944 templi
498 1898 730 1935 mentionem
756 1900 871 1937 habet
901 1904 1048 1950 Strab.‚
1071 1918 1118 1951 ν,
1145 1919 1184 1954 p.
1218 1907 1288 1950 164
1318 1920 1326 1941 :
1350 1911 1494 1958 Τίὲωρα.
1516 1913 1534 1949 -ῗ,
1563 1916 1596 1946 τὸ

190 1953 378 2005 Ἡράκλειον.

246 2018 449 2055 Proetoria.
471 2022 590 2058 Erant
615 2024 712 2059 villae
733 2025 780 2061 ad
801 2027 1035 2075 voluptatem
1051 2037 1271 2077 exstructae,
1296 2031 1335 2068 in
1359 2031 1500 2081 quibus
1520 2032 1595 2068 do-

190 2079 331 2127 minus,
353 2095 473 2130 quum
492 2085 668 2122 rusticari
686 2088 818 2134 vellet,
840 2102 991 2127 munere
1009 2092 1166 2128 solebat.
1194 2094 1254 2130 Sic
1274 2094 1383 2131 dietae
1403 2107 1474 2143 per
1493 2094 1598 2131 simi-

189 2139 422 2182 litudinem:
451 2147 684 2184 rusticorum
713 2150 812 2185 enim
842 2164 956 2200 super
978 2154 1132 2202 tuguria
1162 2162 1198 2191 et
1227 2168 1330 2193 casas
1361 2155 1597 2202 eminebant,

190 2211 234 2238 ut
251 2204 492 2253 imperatoris
513 2204 630 2257 ipsius
650 2212 955 2260 tabernaculum,
977 2218 1086 2264 quod
1118 2225 1154 2253 et
1174 2221 1397 2266 proetorlum
1424 2221 1597 2268 appella-

190 2265 315 2314 batur,
335 2280 414 2316 prae
439 2271 519 2307 aliis
538 2272 801 2321 magnitudine
821 2277 1106 2328 splendoreque
1127 2281 1328 2319 eminebat.
1350 2283 1598 2319 Ponebantur

187 2328 266 2365 sere
285 2329 324 2366 in
344 2332 500 2369 amoenis
519 2333 684 2371 litorum.
705 2337 821 2383 Stat„
848 2340 955 2381 silv„
979 2353 1016 2387 1,
1037 2342 1077 2388 3,
1101 2343 1149 2380 25
1171 2357 1180 2378 ε

332 2482 340 2489 .
362 2483 370 2489 .
392 2483 399 2490 .
422 2483 430 2490 .
451 2462 596 2493 AEternas
613 2469 736 2495 servam
757 2465 903 2507 proetoria
924 2467 1021 2510 ripas.

243 2573 430 2611 Excoluit.
449 2576 502 2612 Ut
519 2577 605 2614 Tib.
618 2607 628 2625 ‚
650 2592 720 2627 111,
742 2581 761 2616 3
774 2609 783 2626 ‚
810 2582 854 2619 15
874 2597 882 2618 :

331 2700 369 2730 Et
390 2710 520 2732 nemora
538 2701 570 2733 in
589 2703 737 2738 domibus
756 2716 858 2738 snm-os
878 2709 1034 2741 imitantia
1051 2714 1149 2743 lucos.
