1988 3439
685 265 950 300 CALIGULA.
1434 263 1504 312 ¹93

137 347 254 409 pho,
286 364 421 393 ovans
455 348 620 393 Urbem
657 345 790 391 natali
825 362 904 391 suo
938 347 1157 407 ingressus
1183 357 1259 391 est.
1295 349 1504 410 Intraque

135 437 341 488 quartum
364 444 554 473 mensem
578 427 730 488 periit,
755 427 947 488 ingentia
969 426 1163 471 facinora
1188 442 1339 484 ausus,
1361 439 1403 473 et
1423 429 1502 474 ali-

136 517 302 567 quanto
325 508 490 568 majora
515 506 709 551 moliens.
732 506 957 567 Siquidem
982 516 1271 568 proposuerat
1291 509 1474 554 Antium
1493 544 1504 567 ,

141 585 298 631 deinde
345 585 656 632 Alexandriam
682 620 694 643 ‚
741 586 1031 648 commigrare
1050 620 1062 643 ,
1107 587 1339 631 interemto
1385 589 1506 648 prius

137 667 372 728 utriusque
411 666 576 713 ordinis
627 665 889 711 electissimo
931 682 1118 728 quoque.
1160 665 1294 724 Quod
1339 683 1394 711 ne
1435 669 1507 712 cui

136 744 320 790 dubium
360 745 591 802 videatur,
634 747 678 790 in
719 746 893 791 secretis
938 747 1031 806 ejus
1069 747 1230 807 reperti
1270 757 1373 791 sunt
1417 747 1506 792 duo

136 823 298 883 libelli,
326 825 495 871 diverso
525 825 655 871 titulo
680 843 688 871 :
717 825 843 870 alteri
869 841 1091 882 GLAD1US,
1117 824 1241 870 alteri
1269 842 1410 873 PUGIO
1437 828 1505 872 in-

137 904 220 950 dex
259 916 366 950 erat.
407 907 551 951 Ambo
590 908 770 951 nomina
805 916 848 951 et
889 916 1014 951 notas
1052 906 1336 951 continebant
1375 909 1507 953 morti

137 983 474 1030 destinatorum.
503 988 684 1031 Inventa
713 996 757 1031 et
785 1003 884 1031 arca
913 987 1092 1048 ingens,
1125 987 1349 1031 variorum
1376 1004 1508 1032 vene·

136 1081 293 1110 norum
321 1065 449 1127 plena
472 1083 481 1110 ε
507 1067 665 1128 quibus
693 1083 795 1112 mox
823 1084 849 1111 a
875 1066 1058 1112 Claudio
1090 1065 1320 1122 demersis,
1350 1067 1508 1113 infecta

138 1146 274 1190 maria
303 1146 553 1204 traduntur,
581 1163 668 1191 non
692 1147 784 1191 sine
808 1148 993 1208 piscium
1021 1147 1175 1202 exitio,
1201 1163 1311 1208 quos
1334 1157 1509 1192 enectos

137 1234 266 1268 aestus
294 1226 338 1269 in
362 1227 562 1288 proxima
585 1225 712 1271 litora
737 1227 875 1287 ejecit.

201 1306 249 1349 L.
281 1306 458 1350 Statura
489 1306 571 1349 fuit
599 1307 836 1363 eminenti,
870 1305 1014 1351 colore
1043 1305 1290 1367 expallido,
1325 1322 1510 1367 corpore

135 1385 330 1441 enormi,
359 1385 605 1446 gracilitate
634 1387 821 1430 maxima
850 1387 1032 1430 cervicis
1061 1396 1103 1431 et
1131 1403 1309 1431 crurum
1327 1421 1339 1443 ,
1370 1386 1509 1432 oculis

135 1474 179 1508 et
201 1465 470 1525 temporibus
490 1466 714 1521 concavis,
733 1465 877 1509 fronte
895 1465 979 1510 lata
1000 1476 1043 1510 et
1065 1475 1208 1522 torva,
1229 1465 1388 1527 capillo
1408 1483 1509 1511 raro

137 1560 186 1588 ac
214 1545 329 1588 circa
354 1545 560 1589 verticem
590 1544 737 1603 nullo,
762 1545 956 1589 hirsutus
981 1555 1136 1590 cetera.
1167 1547 1341 1604 Quare,
1368 1555 1509 1590 trans-

134 1633 265 1668 eunte
299 1641 377 1682 eo,
407 1626 655 1686 prospicere
691 1642 743 1670 ex
782 1627 1005 1687 superiore
1038 1635 1188 1686 parte,
1222 1635 1299 1669 aut
1327 1626 1508 1669 omnino

134 1719 396 1765 quacunque
425 1704 478 1748 de
501 1721 631 1749 causa
651 1720 838 1768 capram
869 1706 1095 1749 nominare
1112 1740 1124 1762 ,
1155 1705 1440 1750 criminosum
1464 1715 1509 1749 et

134 1782 306 1828 exitiale
344 1784 602 1830 habebatur.
638 1784 823 1829 Vultum
858 1802 960 1830 vero
999 1795 1156 1829 natura
1190 1784 1421 1829 horridum
1457 1802 1507 1830 ac

136 1871 300 1907 tetrum
342 1865 473 1908 etiam
515 1881 567 1908 ex
607 1865 820 1909 industria
863 1865 1102 1922 efferabat,
1146 1881 1413 1926 componens
1455 1866 1510 1909 ad

138 1941 365 2003 speculum
393 1944 436 1987 in
463 1961 637 1988 omnem
660 1954 875 1989 terrorem
900 1962 949 1989 ac
974 1944 1266 1989 formidinem.
1291 1944 1510 1990 Valetudo

137 2023 176 2067 ei
203 2039 344 2084 neque
369 2026 565 2085 corporis
595 2041 736 2086 neque
761 2027 893 2069 animi
922 2026 1134 2069 constitit.
1162 2027 1276 2069 Puer
1301 2023 1509 2068 comitiali

137 2104 290 2147 morbo
309 2114 507 2162 vexatuS,
528 2106 572 2149 in
593 2105 884 2150 adolescentia
904 2107 962 2149 ita
984 2106 1150 2166 patiens
1174 2104 1373 2148 laborum
1395 2114 1510 2161 erat,

139 2193 186 2228 ut
210 2193 354 2227 tamen
380 2201 695 2245 nonnunquam
721 2186 862 2230 subita
888 2186 1130 2230 defectione
1156 2184 1347 2245 ingredi,
1371 2194 1510 2239 stare,

137 2261 340 2324 colligere
370 2274 532 2318 semet,
564 2281 613 2308 ac
646 2266 826 2309 sufferre
857 2267 926 2309 vix
961 2275 1116 2326 posset.
1148 2266 1311 2309 Mentis
1342 2264 1509 2308 valetu-

138 2343 285 2388 dinem
317 2354 360 2388 et
394 2345 483 2405 ipse
513 2355 730 2400 senserat,
764 2362 812 2389 ac
847 2345 1030 2388 subinde
1058 2345 1110 2388 de
1140 2362 1334 2402 secessu,
1369 2345 1510 2404 deque

140 2423 370 2486 purgando
391 2425 566 2468 cerebro
587 2426 806 2486 cogitavit.
828 2425 1033 2468 Creditur
1054 2425 1305 2485 potionatus
1325 2441 1348 2467 a
1367 2428 1510 2468 (jaeso-

140 2505 209 2548 nia
241 2521 401 2560 uxore,
437 2507 648 2548 amatorio
682 2505 857 2566 quidem
899 2505 1218 2548 medicamento
1239 2539 1250 2555 ,
1283 2503 1358 2547 sed
1392 2503 1512 2562 quod

140 2586 183 2627 iu
225 2584 415 2628 furorem
462 2587 653 2628 verterit.
699 2586 967 2629 Incitabatur
1013 2585 1231 2628 insomnia
1273 2584 1460 2626 maxime
1500 2599 1508 2624 :

143 2682 282 2725 neque
310 2667 426 2710 enini
456 2665 552 2727 plus
578 2683 706 2727 quxnn
737 2667 875 2711 tribus
910 2667 1135 2711 nocturnis
1170 2666 1288 2708 boris
1320 2665 1511 2725 quiesce-

335 2763 363 2790 ι.
1270 2743 1319 2790 13
