1971 3342
390 215 409 248 5
417 226 434 248 2
923 216 960 250 C.
991 215 1219 253 SUETONII

389 297 498 340 simo
539 297 817 358 contingebat
857 297 1022 358 gradu3
1058 298 1318 358 functusque
1354 297 1520 340 honore
1556 304 1752 355 praeturae

389 376 503 419 inter
545 375 815 437 vigintiviros
855 393 1008 438 agrum
1049 379 1322 439 Campanum
1361 375 1478 438 plebi
1512 373 1625 419 Julia
1661 372 1753 434 lege

388 455 547 499 divisit.
577 457 742 500 Verum
772 457 885 500 idem
907 458 1147 514 Antonius,
1174 456 1416 518 despiciens
1443 456 1573 499 etiam
1598 463 1755 498 mater-

389 551 489 578 nam
509 536 693 596 Augusti
714 536 945 597 originem,
965 536 1286 597 proavumpejus
1307 536 1399 581 Afri
1418 534 1585 596 generis
1605 533 1755 589 fuisse,

388 625 430 658 et
453 615 585 659 modo
611 615 943 676 unguentariam
969 617 1218 672 tabernam,
1242 616 1372 660 modo
1399 615 1632 676 pistrinum
1659 613 1758 658 Ari-

387 695 462 737 ciae
494 696 754 752 exercuisse,
782 695 945 755 objicit.
977 696 1148 740 Cassius
1175 696 1351 757 quidem
1378 695 1621 739 Parmensis
1649 709 1757 754 qua-

388 773 488 816 dam
530 773 736 834 epistola,
774 791 862 817 non
901 784 1072 818 tantum
1109 784 1155 818 ut
1195 776 1392 836 pistoris,
1429 773 1502 818 sed
1539 775 1670 818 etiam
1709 783 1759 816 ut

388 853 669 897 nummularii
706 864 930 915 nepotem,
961 855 1021 898 sie
1056 865 1173 898 taxat
1208 857 1454 916 Augustum
1487 871 1496 898 z
1524 856 1759 898 «Materna

388 934 467 976 tibi
499 933 639 977 farina
676 951 727 977 ex
762 934 1020 978 crudissimo
1052 935 1205 979 Ariciae
1233 936 1418 996 pistrino
1449 952 1458 978 ε
1488 935 1600 978 hanc
1634 934 1760 977 finxit

390 1014 592 1057 manibus
626 1013 797 1075 collybo
829 1014 1088 1058 decoloratis
1120 1014 1433 1060 Nerulonensis
1464 1014 1758 1058 mensarius.»

449 1095 503 1136 V.
542 1095 682 1137 Natus
707 1104 772 1137 est
796 1096 1037 1154 Augustus,
1061 1097 1124 1138 M.
1150 1094 1296 1138 Tullio
1320 1096 1532 1139 Cicerone
1554 1103 1597 1137 et
1620 1095 1759 1138 Anto-

386 1172 459 1215 nio
488 1171 767 1229 consulibus,
800 1190 844 1216 lx
875 1173 1079 1217 kalendas
1109 1175 1336 1230 octobres,
1365 1173 1496 1234 paulo
1523 1182 1624 1216 ante
1658 1170 1760 1216 solis

387 1260 610 1305 exortum,
640 1252 815 1312 regione
846 1252 1023 1306 Palatii,
1052 1252 1106 1296 ad
1134 1254 1289 1314 Capita
1320 1252 1509 1309 bubula,
1538 1252 1613 1296 ubi
1644 1269 1761 1296 nunc

387 1330 624 1373 sacrarium
647 1332 799 1387 habet,
822 1331 1046 1391 aliquanto
1073 1342 1193 1392 post,
1217 1348 1350 1392 quam
1373 1333 1573 1389 excessit,
1598 1332 1760 1376 consti-

390 1419 549 1452 tutum.
571 1411 687 1454 Nam
708 1419 756 1455 ut
777 1422 948 1455 senatus
970 1413 1075 1456 actis
1097 1412 1367 1468 continetur,
1389 1429 1524 1472 quum
1549 1414 1598 1456 C.
1623 1414 1762 1455 Laeto-

392 1489 504 1545 rius,
530 1489 778 1535 adolescens
802 1492 973 1552 patricii
998 1492 1189 1553 generis,
1209 1493 1251 1535 in
1274 1491 1544 1552 deprecanda
1563 1492 1762 1552 graviore

392 1567 595 1613 adulterii
623 1587 771 1631 poena,
800 1581 954 1631 praeter
978 1581 1145 1615 aetatem
1173 1581 1301 1632 atque
1329 1570 1518 1627 natales,
1543 1572 1627 1614 hoc
1653 1588 1762 1631 quo-

391 1665 475 1709 que
504 1651 701 1710 patribus
732 1652 988 1712 conscriptis
1017 1651 1244 1712 allegaret,
1276 1668 1320 1695 se
1355 1668 1446 1695 esse
1474 1667 1763 1711 possessorem

391 1746 440 1772 ac
466 1729 586 1773 velut
610 1731 818 1775 aedituum
846 1731 948 1787 soli,
975 1732 1091 1792 quod
1120 1733 1309 1792 primum
1334 1735 1387 1776 D.
1416 1734 1639 1792 Augustus
1664 1747 1763 1774 nas-

390 1824 492 1852 cens
521 1811 754 1870 attigisset,
785 1822 1038 1871 peteretque
1067 1811 1221 1854 donari
1250 1813 1370 1871 quasi
1401 1812 1582 1872 proprio
1610 1827 1688 1855 suo
1714 1828 1764 1855 ac

392 1887 603 1949 peculiari
639 1890 740 1947 deo,
771 1891 994 1934 decretum
1026 1901 1114 1948 cst,
1142 1901 1191 1935 ut
1219 1908 1267 1935 ea
1295 1908 1395 1952 pars
1425 1891 1581 1935 domus
1611 1907 1761 1935 conse-

391 1978 598 2012 craretur.

454 2050 532 2091 VI.
569 2050 951 2094 Niritrimcntorum
985 2052 1075 2111 ejus
1110 2051 1356 2095 ostenditur
1390 2051 1533 2096 adhuc
1564 2050 1686 2096 locus
1719 2052 1764 2096 in

391 2128 507 2170 avito
532 2128 783 2172 suburbano
803 2130 925 2190 juxta
948 2131 1135 2176 Velitras
1160 2133 1457 2193 permodicus,
1483 2142 1524 2177 et
1550 2131 1668 2177 cellae
1690 2149 1764 2194 pe·

394 2208 557 2250 nuariae
582 2209 740 2263 instai‘3
768 2218 970 2270 tenetque
996 2213 1266 2256 vicinitatem
1292 2214 1461 2274 opini0‚
1491 2223 1700 2274 tanquam
1723 2222 1765 2257 et

393 2295 520 2330 natus
545 2288 602 2330 ibi
627 2288 695 2331 sit.
723 2291 819 2332 Huc
841 2291 1042 2347 introire,
1069 2292 1150 2335 nisi
1174 2293 1416 2336 necessario
1438 2303 1481 2337 et
1504 2303 1640 2349 caste,
1663 2292 1765 2337 reli-

393 2367 464 2427 gio
486 2377 568 2424 est3
593 2380 804 2431 concepta
826 2371 1034 2430 opinione
1057 2374 1212 2429 veteri,
1235 2373 1358 2432 quasi
1382 2383 1545 2417 temere
1569 2372 1766 2418 adeunti-

392 2446 472 2491 bus
497 2448 655 2491 horror
676 2449 853 2510 quidam
881 2460 922 2494 et
943 2461 1083 2494 metus
1103 2451 1354 2511 objiciatur3
1379 2451 1453 2495 sed
1476 2462 1518 2496 et
1540 2469 1641 2496 mox
1663 2469 1766 2496 con-

395 2526 565 2571 firmata
585 2539 648 2573 est
671 2547 679 2573 :
703 2547 802 2573 nam
827 2547 960 2591 quum
984 2547 1204 2590 possessor
1222 2530 1332 2575 villae
1351 2549 1513 2588 novus,
1538 2549 1613 2576 seu
1632 2521 1782 2589 forte,v

394 2622 468 2649 seu
498 2609 693 2652 tentandi
723 2627 874 2667 causa,
905 2610 1101 2653 cubitum
1130 2627 1173 2653 se
1207 2628 1257 2654 co
1287 2612 1564 2668 contulisset,
1595 2613 1763 2670 evenit,
