1971 3342
400 243 407 263 τ
424 244 440 275 7
453 235 469 272 Τ,
1021 227 1174 262 NOTAE

449 311 536 342 (LAP.
562 305 722 342 XXVII.
749 305 903 339 Restitit.
926 305 1040 349 Vell.‚
1064 317 1096 338 11
1111 331 1120 348 ‚
1142 301 1268 347 66-67
1292 315 1299 335 :
1325 318 1339 333 u
1355 303 1600 350 Repugnante
1622 302 1783 345 Coesare,

393 368 458 404 sed
488 368 627 404 frustra
647 367 824 403 adversus
845 367 961 411 duos,
991 366 1241 402 instauratum
1262 363 1408 400 Sullani
1437 363 1599 411 exempli
1626 364 1785 407 malum,

392 429 632 479 proscriptio.
654 446 668 462 κ

454 495 633 529 Tutorem.
655 492 816 539 Appian.
831 521 840 537 ‚
862 493 906 527 B.
934 492 970 526 C.
987 518 997 534 ,
1021 504 1060 525 1V
1076 520 1085 535 ,
1106 503 1142 538 p.
1166 491 1239 538 396
1267 503 1274 524 ἰ
1296 482 1340 528 ἷ-Ιν
1368 491 1407 527 δὲ
1430 492 1485 527 καὶ
1499 493 1660 539 Θωράνιος
1679 494 1708 526 ἐν
1724 494 1789 531 τοῖς

394 561 706 607 προγεγραμμένοις,
726 560 893 605 λεγόμενος
911 561 971 592 ὑπὸ
992 563 1084 591 τινῶν
1116 559 1348 602 ἐπιτροπεῦσαι
1369 556 1525 600 Καίσαρι.

445 626 577 660 Jum'us
618 625 850 660 Saturninus.
886 624 961 668 Qui
1000 623 1162 669 scriptor
1200 621 1371 657 Suetonii
1408 619 1559 668 aequalis
1606 618 1689 654 fuit.
1731 619 1788 654 Cf.

394 690 602 722 Burmann.

452 749 493 784 T.
523 749 669 783 Vinium
695 748 1032 795 Philopoemenem.
1055 748 1097 781 T.
1128 746 1228 781 Vinii
1247 746 1445 790 libertum,
1468 750 1550 780 test.
1575 741 1786 778 Casaubou.

447 811 655 846 Pinarium.
684 810 754 846 Hic
779 809 929 846 Caesaris
960 810 1075 844 haeres
1105 808 1175 843 fuit
1205 808 1376 844 Octavio.
1404 806 1500 842 Vide
1528 806 1643 847 Cces„
1674 816 1785 852 supra

395 886 565 912 1.xxx111,

446 936 703 984 Paganorum.
731 935 777 969 Η.
809 947 838 970 e.
868 946 946 968 non
968 933 1207 969 militantium
1238 933 1387 968 civium.
1419 930 1555 966 Suidas
1588 943 1595 964 :
1626 933 1789 980 παγανοὶ,

394 1003 619 1049 ἀστράτευτοι.
644 997 739 1032 Inde
753 1025 762 1041 ‚
784 996 945 1031 docente
966 996 1018 1030 Cl.
1049 997 1172 1037 Hase,
1201 1006 1379 1042 paganos
1405 991 1598 1028 christiani
1619 990 1789 1038 appella-

394 1059 486 1095 bant
507 1072 592 1104 eos,
622 1059 689 1106 qui
709 1059 854 1093 militioe
876 1058 1019 1093 Christi
1035 1070 1113 1091 non
1135 1063 1256 1091 essent
1276 1055 1465 1101 adscripti.

454 1132 500 1176 Q.
525 1130 706 1166 Gallium.
727 1130 785 1164 De
807 1142 885 1176 quo
909 1129 1069 1175 Appian.
1087 1156 1095 1172 ,
1118 1128 1160 1163 B.
1185 1127 1242 1169 C.,
1268 1140 1317 1161 111
1333 1156 1341 1171 ‚
1368 1139 1406 1173 p.
1431 1124 1515 1169 587.

447 1202 496 1236 In
515 1200 640 1247 officio
669 1202 920 1235 salutationis.
949 1200 1119 1234 Salutare
1142 1197 1378 1245 potentiores
1396 1197 1496 1231 hora
1521 1195 1640 1242 prima
1669 1200 1705 1228 et
1730 1205 1790 1228 se-

396 1262 519 1299 cunda
543 1262 648 1310 apud
668 1264 862 1298 Romanos
882 1262 996 1297 moris
1021 1269 1112 1296 erat.
1141 1263 1251 1295 Mart.
1267 1289 1276 1305 ,
1300 1272 1364 1305 lv,
1390 1272 1408 1304 7
1434 1271 1442 1293 z

538 1379 643 1410 Prima
657 1380 829 1410 salutantes
845 1385 939 1420 atque
953 1379 1050 1409 altera
1065 1377 1207 1409 continet
1220 1376 1310 1407 hora.

402 1492 528 1534 Mane,
552 1502 629 1524 vox
649 1490 823 1525 solemnis
844 1496 923 1524 erat
942 1502 1019 1523 (we.
1042 1490 1172 1531 Mart„
1195 1501 1226 1531 1,
1248 1488 1295 1523 56
1316 1503 1322 1523 :

540 1607 579 1636 Et
595 1604 784 1637 matutinum
807 1609 913 1646 portat
924 1604 1051 1645 ineptus
1070 1614 1136 1634 ave.

398 1718 563 1763 Vespere
591 1722 733 1760 autern,
756 1717 853 1749 vale.
877 1716 1003 1749 Graece
1016 1741 1025 1757 ‚
1045 1720 1137 1762 χαῖρε-
1157 1720 1193 1746 et
1212 1718 1333 1762 ὑγίαινε
1346 1743 1354 1758 ‚
1374 1718 1415 1745 ut
1430 1711 1543 1746 docet
1566 1711 1662 1756 Dio,
1678 1723 1791 1755 Lx1x3

396 1791 432 1825 p·
451 1778 524 1826 796
546 1791 553 1812 2
578 1782 643 1816 Καὶ
667 1783 863 1822 ἠσπάσατο,
893 1782 959 1814 οὔτ’.
985 1795 1020 1826 γε
1042 1786 1086 1825 τῷ
1110 1782 1223 1824 ἑωθινῷ
1250 1779 1478 1824 προσρήματι,
1501 1783 1547 1824 τῷ
1571 1779 1681 1824 χαῖρε,
1708 1778 1790 1812 ἀὶλὰ

397 1850 442 1889 τῷ
469 1841 624 1890 ἑσπερινῷ
647 1845 827 1889 τῷὑγίαινε
846 1844 1057 1889 χρησάμενος.

450 1910 588 1945 Scribit.
610 1910 754 1955 Nempe
775 1908 813 1941 in
833 1907 937 1942 libris
952 1907 999 1942 de
1019 1907 1095 1942 vita
1115 1919 1192 1942 sua.

454 1971 695 2006 Tribum'tiam
720 1977 961 2017 potestatem.
986 1972 1109 2016 Quam
1131 1975 1219 2016 post
1239 1968 1430 2003 devictum
1450 1966 1662 2003 Antonium
1682 1979 1703 2002 a
1730 1979 1791 2003 se·-

397 2040 490 2069 natu
509 2033 699 2068 decretam
724 2033 768 2068 A.
792 2033 837 2067 U.
869 2036 965 2077 724,
994 2031 1138 2078 recepit
1158 2032 1201 2066 A.
1224 2031 1270 2066 U.
1305 2031 1375 2075 731
1412 2042 1444 2065 a.
1472 2029 1509 2065 d.
1540 2042 1574 2064 v.
1598 2029 1672 2064 kal.
1696 2028 1763 2076 jul.
1780 2057 1790 2074 ,

399 2102 480 2131 test.
500 2094 609 2140 Dio.‚
636 2107 697 2140 ιι,
718 2106 756 2141 p.
790 2093 877 2138 457.
903 2095 960 2129 De
986 2093 1048 2128 illa
1076 2093 1127 2128 sic
1157 2092 1296 2138 Tacit.,
1317 2093 1457 2127 Annal.
1473 2118 1485 2134 ,
1513 2104 1584 2136 111,
1606 2089 1654 2126 56
1676 2104 1684 2126 z
1708 2106 1724 2122 «
1746 2091 1792 2126 Id

397 2156 531 2192 summi
553 2156 691 2205 fastigii
713 2156 940 2191 vocabulum
959 2157 1152 2204 Augustus
1171 2153 1333 2202 reperit,
1358 2166 1405 2190 ne
1428 2155 1541 2202 Regis
1567 2160 1632 2189 aut
1657 2154 1791 2188 Dicta-

397 2220 486 2255 tor-is
509 2226 730 2264 assumeret,
744 2231 786 2254 ac
809 2226 933 2253 tamen
952 2217 1206 2266 appellatione
1227 2216 1355 2264 aliqua
1375 2223 1501 2253 cetera
1520 2215 1677 2264 imperia
1690 2228 1790 2263 prae-

399 2280 569 2316 mineret.
594 2297 609 2312 ιι

454 2342 642 2390 Regimen.
671 2343 715 2377 Α.
738 2343 784 2378 U.
812 2341 884 2386 735
906 2340 944 2376 in
972 2340 1299 2389 quinquennium,
1321 2347 1357 2375 et
1383 2342 1424 2375 A.
1451 2341 1498 2376 U.
1527 2343 1600 2384 742
1628 2337 1667 2372 in
1693 2339 1786 2373 alte-

401 2418 485 2439 rum
505 2404 822 2452 quinquennium.

455 2469 690 2514 Perpetuum.
711 2469 939 2514 Perpetuum
956 2465 1132 2501 habuisse
1152 2464 1242 2501 dicit
1262 2463 1483 2508 Suetonius,
1505 2461 1686 2511 quoniam
1705 2469 1792 2509 post

400 2529 544 2576 singula
567 2528 829 2577 quinquennia
846 2530 913 2563 ‚vel
950 2540 1020 2576 per
1043 2527 1131 2563 alias
1163 2526 1378 2564 occasiones
1404 2524 1694 2574 prorogandum
1722 2523 1792 2558 sibi

401 2604 419 2624 a
440 2598 570 2626 senatu
591 2604 695 2638 aeque
721 2591 866 2626 curavit
881 2619 890 2636 ,
910 2603 952 2626 ac
971 2590 1172 2637 imperium
1186 2589 1308 2636 ipsum
1327 2594 1413 2636 post
1433 2587 1624 2623 decennia.

459 2653 529 2686 Ter
552 2654 636 2700 egit.
658 2653 761 2688 Idem
789 2653 869 2700 ipse
900 2653 947 2688 de
974 2665 1011 2687 se
1037 2654 1251 2700 Augustus,
1277 2651 1315 2685 in
1342 2651 1510 2685 Monam.
1533 2651 1670 2694 Ancyr.
1686 2673 1698 2690 ‚
1725 2646 1791 2682 ubi
