1971 3342
384 258 457 294 230
924 259 961 293 C.
987 259 1219 295 SUETONII

383 342 601 402 coepitque
621 358 645 385 a
664 357 768 401 pace
788 341 928 397 civili3
953 358 1087 401 quum
1112 344 1313 396 sentiret,
1340 359 1483 402 neque
1505 342 1661 400 libere,
1684 363 1749 389 ne-

383 439 466 482 que
496 439 618 476 vere,
655 422 737 465 sibi
763 421 816 465 de
843 422 1139 482 superioribus
1168 422 1368 466 tradendi
1393 433 1651 483 potestatem
1678 441 1746 468 re-

381 501 549 557 lictam,
587 512 813 562 correptus
849 518 960 561 saepe
990 511 1032 545 et
1065 520 1088 546 a
1124 513 1260 546 matre
1292 513 1333 546 et
1360 503 1413 546 ab
1444 504 1554 548 avia.
1588 505 1752 548 Prioris

380 583 570 626 materiae
588 582 674 626 duo
699 580 940 635 volumina,
968 583 1218 642 posterioris
1243 600 1378 627 unum
1401 593 1443 627 et
1462 583 1750 645 quadraginta

380 661 569 722 reliquit.
600 663 857 722 Composuit
895 672 938 705 et
974 682 994 703 α
1013 662 1067 706 de
1094 664 1196 706 Vita
1230 680 1339 707 sua»
1376 674 1474 707 octo
1507 663 1751 718 volumina,

380 743 518 801 magis
551 743 714 801 inepte,
749 759 878 802 quam
913 741 1209 803 ineleganter:
1245 744 1344 787 item
1378 744 1639 788 «Ciceronis
1673 743 1749 787 de-

380 822 618 865 fensionem
641 821 845 865 adversus
866 823 1005 866 Asinii
1029 822 1142 866 Galli
1170 822 1325 877 libros,
1342 844 1362 864 n
1392 825 1492 867 satis
1520 824 1749 868 eruditam.

379 904 526 946 Novas
551 903 679 945 etiam
703 913 976 948 commentus
1001 912 1064 946 est
1087 902 1250 947 litteras
1275 914 1380 957 tres,
1405 921 1454 948 ac
1480 921 1663 948 numero
1687 922 1753 948 ve-

378 992 541 1034 terum,
567 984 689 1041 quasi
718 983 904 1026 maxime
930 985 1209 1038 necessarias,
1240 982 1405 1027 addidit
1431 1002 1440 1027 :
1481 983 1534 1028 de
1565 1001 1751 1044 quarum

378 1062 546 1105 ratione
576 1079 709 1121 quum
749 1063 945 1122 privatus
985 1063 1128 1106 adhuc
1160 1061 1363 1106 volumen
1392 1063 1620 1119 edidisset,
1650 1080 1753 1107 mox

378 1142 580 1201 princeps
602 1159 690 1185 non
712 1141 944 1185 difficulter
967 1143 1178 1198 obtinuit,
1209 1152 1256 1186 ut
1279 1145 1326 1185 inv
1347 1160 1426 1186 usu
1453 1160 1627 1203 quoque
1651 1160 1754 1204 pro-

377 1222 543 1265 miscuo
572 1232 714 1265 essent
756 1225 908 1266 Exstat
935 1222 1030 1266 talis
1055 1224 1269 1283 scriptura
1297 1224 1339 1265 in
1368 1222 1583 1283 plerisque
1610 1223 1753 1280 libris,

379 1301 484 1344 actis
511 1300 700 1354 diurnis,
732 1302 956 1362 titulisque
979 1319 1176 1364 operum.

441 1383 580 1425 XLII.
625 1383 715 1425 Nec
751 1384 921 1427 minore
965 1400 1067 1426 cura
1103 1400 1241 1443 graeea
1283 1382 1427 1426 studia
1461 1393 1634 1427 secutus
1667 1394 1752 1438 est,

378 1477 570 1505 amorem
609 1463 992 1522 praestantiamque
1033 1462 1192 1523 linguae
1231 1462 1459 1506 occasione
1497 1463 1616 1506 omni
1656 1480 1754 1524 pro-

378 1540 526 1584 fessus.
579 1542 765 1585 Cuidam
807 1542 1016 1599 barbaro,
1068 1560 1205 1604 graece
1248 1553 1290 1587 et
1331 1542 1464 1587 latine
1502 1542 1751 1597 disserenti,

377 1621 556 1677 uQuum
578 1630 785 1681 utroque,
803 1642 823 1662 >³
847 1623 1010 1682 inquit,
1037 1643 1056 1663 «
1068 1640 1265 1666 sermone
1281 1632 1430 1666 nostro
1446 1623 1503 1666 sis
1527 1633 1752 1683 paratus.»

374 1701 430 1743 Et
455 1700 497 1742 in
527 1700 872 1745 commendanda
903 1703 1101 1762 patribus
1127 1703 1384 1763 conscriptis
1408 1703 1591 1759 Achaia,
1618 1722 1638 1744 α
1659 1719 1754 1764 gra-

378 1788 463 1822 tam
507 1779 586 1822 sibi
626 1781 921 1840 provinciam,
942 1802 962 1823 »
1006 1784 1089 1837 ait,
1130 1783 1465 1826 «communium
1506 1782 1751 1826 studiorum

374 1860 648 1903 commercio.
665 1880 686 1900 »
703 1863 763 1904 Ac
786 1878 898 1922 saepe
920 1863 963 1905 in
981 1872 1134 1906 senatu
1152 1861 1302 1922 legatis
1323 1872 1532 1923 perpetua
1555 1862 1751 1906 oratione

376 1938 617 1998 respondit.
650 1939 841 1984 Multum
874 1958 975 1985 vero
1006 1959 1087 2002 pro
1119 1942 1325 1985 tribunali
1352 1943 1482 1985 etiam
1508 1942 1750 1985 Homericis

376 2017 546 2062 locutus
569 2029 634 2063 est
657 2021 861 2065 versibus.
891 2023 1077 2078 Quoties
1099 2021 1275 2080 quidem
1302 2021 1470 2065 hostem
1488 2020 1553 2065 vel
1577 2020 1753 2064 insidia-

374 2106 514 2140 torem
545 2097 661 2141 ultus
689 2109 825 2154 esset,
856 2100 1098 2143 excubitori
1127 2100 1328 2154 tribuno,
1357 2104 1530 2162 signum
1555 2101 1607 2144 de
1632 2118 1752 2145 more

375 2179 588 2236 poscenti,
618 2195 706 2221 uon
735 2188 894 2223 temere
916 2179 1034 2223 aliud
1056 2179 1195 2237 dedit,
1221 2197 1352 2240 quam

506 2303 603 2353 Ᾰνιῖᾷ
626 2312 870 2355 ἐπαμύνασθαι,
894 2314 944 2345 ὅτε
968 2326 1014 2350 τις
1035 2314 1182 2357 πρότερος
1202 2314 1380 2357 χαλεπήνῃ.

374 2418 575 2477 Denique
613 2429 654 2462 et
697 2437 856 2480 graecas
895 2422 1066 2480 scripsit
1105 2422 1332 2476 historias,
1374 2421 1635 2482 Τυρῥηνικῶν
1667 2440 1747 2476 xx,

376 2498 732 2555 Καρχηὸονιακῶν
762 2516 858 2544 vin.
895 2503 1093 2557 Quarum
1133 2517 1261 2545 causa
1302 2503 1436 2546 veteri
1476 2501 1747 2547 Alexandriae

374 2594 524 2621 museo
552 2578 738 2623 alterum
767 2580 965 2641 additum
991 2596 1039 2623 ex
1074 2582 1206 2640 ipsius
1243 2583 1442 2638 nomine3
1472 2581 1744 2625 institutum-

376 2673 479 2714 que,
520 2668 563 2700 ut
598 2660 831 2717 quotannis
868 2662 910 2702 in
938 2659 1072 2703 altero
1100 2661 1355 2720 Τυρίἱηινεκῶν
1386 2662 1503 2715 libri,
1538 2662 1580 2703 in
1611 2660 1746 2705 altero
