1988 3439
704 243 959 279 CALIGULA.
1447 253 1513 289 197

152 329 326 372 tertium
355 329 551 373 contulit.
589 328 775 372 Incitato
801 342 934 385 equo,
961 325 1084 383 cujus
1113 340 1239 367 causa
1270 325 1406 384 pridie
1431 326 1513 369 cir-

149 424 325 465 censes‘,
354 426 406 452 ne
433 410 766 469 inquietaretur,
795 405 963 448 viciniae
995 402 1217 447 silentium
1247 420 1323 464 per
1353 403 1513 449 milites

151 486 340 532 indicere
367 488 551 545 solebat,
572 497 726 548 praeter
750 484 892 546 equile
915 499 1230 539 marmoreum,
1254 492 1296 526 et
1324 500 1514 545 praesepe

149 567 416 623 eburneum,
439 577 679 629 praeterque
705 581 926 627 purpurea
953 572 1204 625 tegumenta
1220 597 1232 619 ‚
1256 579 1306 606 ac
1335 562 1515 607 monilia

149 665 172 690 e
196 649 375 708 gemmis
391 683 403 704 ‚
427 647 605 691 domum
630 647 785 700 etiam,
811 655 851 688 et
879 642 1087 688 familiam
1104 679 1114 698 ,
1137 652 1179 686 et
1207 641 1515 702 supellectilem

149 726 294 783 dedit,
328 743 416 788 quo
444 726 603 770 lautius
645 726 820 770 nomine
853 725 944 785 ejus
978 724 1146 767 invitati
1176 723 1477 783 acciperentur
1508 741 1516 765 :

149 805 423 851 consulatum
446 823 621 867 quoque
648 805 835 850 traditur
858 804 1108 848 destinasse.

210 889 326 931 LVI.
365 889 431 931 Ita
465 887 751 931 bacchantem
791 895 924 944 atque
953 893 1220 945 grassantem
1259 899 1347 926 non
1379 883 1518 928 defuit

145 967 362 1028 plerisque
388 968 559 1010 animus
594 965 769 1010 adoriri.
806 964 893 1009 Sed
924 981 1011 1007 una
1042 962 1263 1023 alteraque
1293 965 1519 1025 conspira-

147 1048 264 1091 tione
284 1046 473 1104 detecta,
492 1046 588 1091 aliis
610 1063 685 1107 per
707 1046 896 1106 inopiam
921 1045 1162 1089 occasionis
1182 1045 1489 1089 cunctantibus
1506 1080 1516 1098 ‚

147 1127 235 1171 duo
262 1126 492 1171 consilium
519 1127 977 1179 communicaverunt,
1004 1124 1369 1184 perfeceruntque
1393 1142 1401 1167 :
1428 1142 1514 1168 non

147 1208 239 1251 sinc
268 1208 530 1252 conscientia
557 1207 960 1267 potentissimorum
988 1204 1265 1260 libertorum⁷
1295 1205 1516 1265 praefecto-

147 1303 333 1348 rumque
362 1288 579 1348 praetorii3
610 1286 725 1347 quod
750 1287 829 1346 ipsi
851 1302 1026 1346 quoque
1042 1321 1052 1338 ‚
1074 1286 1154 1328 etsi
1183 1284 1314 1341 falso,
1345 1287 1387 1328 in
1410 1302 1515 1345 qua-

147 1368 246 1410 dam
283 1368 585 1427 conjuratione
615 1368 735 1426 quasi
767 1368 1001 1426 participes
1029 1367 1264 1421 nominati,
1294 1375 1514 1425 suspectos

148 1459 290 1490 tamen
320 1463 363 1490 se
391 1457 433 1490 et
456 1447 616 1490 invisos
645 1446 902 1489 sentiebant.
933 1447 1047 1489 Nam
1074 1455 1116 1488 et
1144 1446 1290 1488 statim
1324 1445 1515 1488 seductis

146 1543 348 1588 magnam
390 1526 491 1570 fecit
537 1526 745 1569 invidiam
767 1561 777 1582 ‚
819 1526 1024 1569 destricto
1073 1524 1216 1585 gladio
1257 1524 1481 1568 affirmans
1506 1561 1516 1579 ,

145 1628 165 1648 «
186 1617 342 1669 sponte
370 1623 413 1650 se
447 1609 689 1667 periturum
709 1639 720 1661 ‚
746 1607 780 1649 si
808 1616 850 1649 et
883 1604 965 1649 illis
992 1615 1130 1648 morte
1160 1604 1317 1665 dignus
1345 1604 1516 1648 videre-

147 1699 218 1732 tur
243 1707 252 1732 :
279 1709 300 1729 »
329 1706 406 1733 nec
433 1689 614 1732 cessavit
641 1705 691 1731 ex
719 1704 770 1731 eo
803 1687 1024 1730 criminari
1058 1685 1244 1730 alterum
1272 1685 1426 1740 alteri,
1450 1696 1518 1728 at·-

146 1784 229 1829 que
253 1770 363 1812 inter
388 1785 432 1812 se
459 1784 608 1811 omnes
637 1768 924 1811 committere.
949 1768 1098 1824 Quum
1130 1764 1362 1827 placuisset
1390 1765 1518 1809 Pala·

146 1849 248 1892 tinis
273 1847 386 1891 ludis
407 1846 656 1909 spectaculo
678 1864 897 1907 egressum
923 1847 1104 1889 meridie
1126 1845 1329 1907 aggredi,
1353 1846 1517 1906 primas

147 1929 226 1972 sibi
264 1937 407 1989 partes
442 1928 617 1971 Cassius
649 1928 855 1981 Choerea,
888 1926 1091 1970 tribunus
1130 1926 1321 1969 cohortis
1361 1934 1519 1986 praeto-

147 2011 219 2052 riae
235 2044 247 2063 ,
274 2008 529 2069 depoposcit
554 2026 562 2050 :
586 2024 713 2068 quem
739 2009 870 2051 Caius
894 2008 1108 2050 seniorem
1128 2006 1243 2065 jam,
1270 2015 1315 2048 ut
1341 2003 1515 2047 mollem

147 2100 188 2132 et
228 2088 527 2132 effeminatum
566 2088 774 2132 denotare
813 2088 931 2130 omni
971 2087 1134 2148 probro
1173 2094 1436 2140 consuerat,
1479 2094 1519 2126 ct

148 2168 306 2224 modo,
341 2169 514 2229 signum
548 2170 734 2228 petenti,
772 2171 991 2230 Priapum
1028 2176 1103 2210 aut
1142 2168 1350 2210 Venerem
1385 2164 1516 2219 dare,

149 2249 280 2293 inodo
299 2282 311 2304 ,
353 2265 404 2292 ex
449 2246 595 2307 aliqua
636 2263 762 2291 causa
807 2249 951 2308 agenti
998 2249 1159 2308 gratias
1179 2281 1189 2300 ,
1235 2243 1518 2289 osculandam

150 2346 326 2373 manum
351 2328 529 2385 offerre,
555 2328 781 2371 formatam
813 2336 1166 2385 commotamque
1193 2328 1234 2369 in
1263 2327 1516 2370 obscoenum

152 2408 340 2453 modum.

215 2492 348 2533 LV11.
368 2491 543 2533 Futurae
563 2488 691 2532 caedis
710 2486 845 2532 multa
865 2487 1062 2548 prodigia
1082 2487 1352 2530 exstiterunt.
1372 2484 1521 2544 Olym-

152 2571 232 2630 piae
259 2569 537 2614 simulacrum
568 2571 711 2622 Jovis,
740 2568 856 2629 quod
883 2567 1059 2611 dissolvi
1091 2566 1405 2624 transferrique
1432 2566 1522 2608 Ro-

154 2665 265 2693 mam
299 2649 546 2710 placuerat,
575 2659 742 2692 tantum
773 2649 1031 2692 cachinnum
1071 2657 1246 2707 rcpcntc
1272 2644 1435 2699 edidit,
1473 2653 1518 2686 ut
