1988 3407
640 299 687 333 IN
721 299 831 334 OCT.
862 299 1156 334 AUGUSTUM.
1525 302 1592 347 ¹0³

252 377 467 420 Δωδεκάθεςς,
490 379 523 412 Α
543 376 746 412 duodecim
774 376 843 412 diis
863 376 1092 422 majoribus,
1116 377 1183 425 qui
1202 379 1373 426 geniales
1399 379 1489 415 dicti
1510 389 1595 415 sunt

199 435 307 483 quod
332 449 416 472 curn
438 439 534 475 Jove
559 451 694 474 mensae
714 435 951 475 accumbant.

257 499 454 535 Ornatam.
485 501 605 536 Intell.
637 500 771 536 habitu
796 501 1004 550 Apollinis,
1034 513 1112 550 quo
1144 508 1246 538 satus
1269 504 1462 551 Augustus
1490 503 1594 538 dice—

196 561 319 597 batur.
339 562 479 598 Noster
503 575 650 599 causam
670 563 786 600 refert
805 576 886 611 cap.
908 576 1011 599 xciv.

255 624 406 660 Mallia.
429 624 523 670 Quis
549 638 644 662 voce
676 625 738 662 illa
769 625 1003 676 significetur
1025 626 1212 664 incertum
1234 640 1242 662 :
1263 635 1351 663 sunt
1381 627 1447 676 qui
1471 640 1594 663 arcem

196 685 439 733 capitolinam
463 686 515 723 sic
535 687 723 737 designari
734 696 872 736 putent
880 703 890 734 ;
914 689 1021 738 quod
1042 689 1308 726 confirmatum
1329 689 1483 725 videtur
1501 702 1595 725 voce

195 755 319 791 toros,
348 748 371 784 i.
406 761 437 785 e.
469 749 682 798 pulvinaria
711 764 795 799 quae
824 751 975 800 Jupiter
998 752 1166 789 habebat
1195 752 1236 789 in
1269 752 1470 801 Capitolio.
1500 753 1597 788 Cum

195 809 248 845 Cl.
270 811 375 848 Hase
393 824 473 847 non
504 811 682 848 feminam
708 813 775 849 sed
801 813 958 850 domum
987 814 1181 865 intelligo,
1212 815 1251 851 in
1276 828 1353 864 qua
1382 822 1500 851 coetus
1527 814 1594 850 iste

192 871 344 910 habitus
363 881 429 911 est.

250 935 384 972 Coetmt
413 937 617 974 adulteria.
653 938 753 984 Quia
792 952 870 976 non
898 947 973 976 tarn
1005 942 1053 978 ad
1085 943 1215 991 epulas
1243 954 1357 990 quam
1390 941 1439 977 ad
1465 949 1594 990 stupra

195 1005 453 1036 convenerant
466 1012 475 1035 :
489 999 542 1036 sic
562 999 667 1049 apud
688 1002 865 1049 Tertull.,
885 1005 999 1051 Apol.
1016 1031 1027 1047 ‚
1049 1017 1130 1052 cap.
1153 1017 1274 1040 xxx1x
1287 1034 1295 1050 ‚
1317 1017 1466 1039 coenare
1485 1006 1595 1039 disci-

188 1060 349 1109 plinam.

246 1122 506 1162 Declinarunt.
526 1126 575 1163 Η.
602 1139 633 1163 e.
657 1134 775 1164 terras
795 1127 1044 1178 reliquerunt.

251 1185 376 1223 Toros.
398 1189 457 1224 Sc.
480 1197 612 1226 aurata
629 1189 865 1239 pulvinaria3
891 1191 980 1227 vide
1005 1191 1045 1227 in
1073 1204 1155 1228 voc.
1185 1193 1344 1228 stlallia.

250 1249 296 1283 In
311 1258 427 1298 parte
446 1252 556 1289 urhis.
578 1254 671 1299 Quae
689 1253 842 1290 videtur
861 1254 976 1291 fuisse
996 1254 1179 1291 Suburra.
1201 1256 1334 1301 Mart.,
1356 1267 1387 1290 11
1403 1283 1412 1300 ,
1439 1268 1479 1300 ¹7
1501 1268 1508 1289 :

337 1367 489 1400 Tonstrix
505 1368 654 1401 suburrae
672 1368 817 1403 faucibus
835 1370 924 1404 sedet
941 1371 1067 1415 primis,

334 1424 475 1456 Cruenta
491 1424 631 1467 pendent
648 1437 710 1469 qua
727 1426 850 1470 flagella
867 1433 1034 1460 tortorum.

241 1533 421 1571 Perdidit.
445 1536 544 1573 Vide
562 1551 667 1586 sup.‚
692 1552 768 1574 xvr

246 1605 333 1642 Cn.
366 1607 510 1644 LXXI.
532 1610 777 1647 Instrumenco
801 1613 915 1660 regio.
949 1613 995 1649 H.
1027 1626 1057 1649 e.
1086 1626 1218 1661 regum
1258 1615 1593 1652 alexandrinorum

189 1667 431 1714 supellectile.

244 1730 373 1766 Hoesit.
396 1732 483 1768 Scil.
504 1733 585 1770 illas
603 1735 770 1772 refutare
791 1749 867 1772 non
894 1738 1033 1785 potuit.

246 1794 446 1830 Decembri
461 1809 600 1833 mense.
630 1800 744 1845 Quo,
770 1807 852 1836 test.
873 1802 1025 1849 Senem,
1049 1804 1170 1852 Epist.
1194 1817 1318 1849 xvxix,
1336 1806 1403 1850 jus
1430 1808 1593 1841 [ιιι-μνία

187 1856 337 1903 publice
363 1856 493 1894 datum
519 1867 594 1906 est,
613 1863 898 1912 praesertimque
922 1865 1027 1901 ludo.
1050 1867 1231 1912 Martial„
1255 1880 1292 1901 iv
1307 1896 1315 1912 ‚
1342 1873 1407 1912 14,
1429 1881 1448 1913 7
1473 1882 1480 1902 ε

378 1975 459 2006 num
478 1975 598 2008 blanda
612 1988 705 2020 vagus
723 1979 789 2011 alea
806 1979 979 2014 december

376 2032 507 2064 Incertis
524 2040 615 2067 sonat
629 2034 704 2068 hinc
723 2043 755 2068 et
775 2037 850 2069 hinc
865 2038 989 2070 fritillis.

242 2153 362 2189 Feseis
383 2156 636 2206 profestisque
654 2158 798 2194 diebus.
826 2160 987 2196 Docent.
1015 2162 1208 2207 Macrob.‚
1244 2163 1321 2198 Sat.
1348 2177 1379 2207 1,
1415 2164 1482 2210 16;
1490 2164 1593 2209 sesti

187 2214 258 2251 diis
277 2215 392 2253 dicati
405 2225 532 2264 erant3
550 2220 716 2268 profesti
731 2221 969 2269 hominibus,
983 2223 1034 2258 ob
1055 2222 1393 2262 administrandam
1413 2240 1492 2262 rem
1513 2228 1591 2276 pri—

187 2283 312 2313 vatam
346 2278 620 2330 publicamque
647 2282 826 2319 concessi.
869 2285 985 2320 Erant
1019 2298 1179 2334 quoque
1210 2287 1398 2333 intercisi,
1430 2289 1588 2326 deorum

186 2339 462 2389 hominumque
490 2355 720 2380 communes.

242 2410 444 2454 Γεροντικῶς.
471 2405 787 2455 Seii-simpliciter
808 2415 847 2444 et
876 2408 1144 2447 oblectamenti
1172 2424 1301 2457 causa,
1330 2427 1407 2450 non
1438 2415 1589 2462 cupidi-

186 2470 260 2499 tate
279 2465 386 2501 lucri.

245 2527 385 2563 Talis...
407 2520 582 2573 jace-atis.
614 2552 666 2559 —
693 2532 864 2579 Quatuor
892 2536 977 2570 calis
1003 2535 1185 2572 ludebant
1217 2545 1382 2581 veteres,
1416 2552 1513 2587 quos
1550 2541 1586 2574 in

185 2589 377 2626 vasculum
405 2590 620 2639 jactabant,
640 2595 831 2633 turriculae
851 2597 1013 2646 speciem
1034 2607 1328 2647 repraesentans,
1349 2601 1456 2649 quod
1476 2602 1585 2637 dixe-

185 2657 273 2686 runt
283 2651 478 2695 fritillum.
511 2655 587 2691 Illis
614 2665 783 2705 quatuor
808 2668 916 2696 erant
941 2662 1057 2698 latera
1089 2662 1230 2711 quibus
1261 2663 1450 2711 inscriptae
1480 2667 1584 2707 unio,

185 2724 307 2756 semo,
336 2716 472 2759 ternio,
497 2721 706 2765 quaternio,

1349 2795 1415 2839 13.
