1988 3407
711 237 1071 272 VESPASIANUS.
1550 247 1597 288 47

259 327 383 370 XIII.
412 325 667 369 Amicorum
695 321 966 373 libertatem,
987 321 1314 367 causidicorum
1339 324 1525 386 figuras,
1544 344 1596 372 ac

196 405 563 468 philosophorum
600 403 926 449 contumaciam
965 401 1186 447 lenissime
1228 403 1342 449 tulit.
1372 408 1592 453 Licinium

195 489 479 544 Mucianum,
518 496 632 530 notae
671 483 983 546 impudicitiae‚
1018 484 1094 529 sed
1136 486 1395 531 meritorum
1434 489 1593 535 fiducia

197 570 343 614 miuus
362 570 429 613 sui
458 577 756 623 reverentem,
777 582 1031 626 nunquam,
1055 567 1136 611 nisi
1160 566 1295 624 clam,
1316 578 1359 613 et
1383 569 1594 616 hactenus

196 661 396 694 retaxare
434 649 666 704 sustinuit,
704 657 752 692 ut
789 646 908 708 apud
942 665 1223 693 communem
1256 648 1447 711 aliquem
1488 654 1596 696 ami·

195 748 296 776 cum
319 747 527 792 querens,
553 729 736 774 adderet
755 727 962 773 clausulae
988 746 997 774 :
1024 749 1045 770 (ι
1064 732 1160 792 Ego
1183 741 1329 775 tamen
1359 732 1424 775 vir
1444 749 1556 777 sum.
1578 755 1597 774 »

198 812 394 857 Salvium
422 809 694 867 Liberalem,
725 811 770 855 in
795 810 1053 856 defensione
1081 811 1228 857 divitis
1254 813 1316 857 rei
1347 830 1503 859 ausum
1533 814 1596 859 di-

195 909 312 948 cere,
351 913 372 934 «
402 891 524 950 Quid
568 891 622 936 ad
663 893 906 949 Caesarem,
949 893 984 936 si
1020 893 1305 955 Hipparchus
1345 897 1593 941 sestertium

195 955 588 1024 millies'habeth
628 983 669 1017 et
700 973 791 1034 ipse
814 972 1023 1019 laudavit.
1051 977 1330 1020 Demetrium
1359 978 1563 1038 cynicum
1587 1013 1597 1030 ,

195 1055 237 1098 in
265 1055 422 1099 itinere
447 1055 628 1099 obvium
659 1054 740 1098 sibi
772 1065 868 1116 post
896 1055 1247 1112 damnationem,
1277 1074 1327 1102 ac
1355 1075 1497 1120 neque
1532 1077 1597 1103 as-

195 1152 406 1197 surgere,
451 1153 592 1197 neque
632 1135 824 1180 salutare
866 1154 910 1180 se
947 1136 1205 1199 dignantem
1236 1174 1248 1193 ,
1296 1139 1594 1185 oblatrantem
1657 1153 1659 1156 “

194 1217 327 1260 etiam
356 1217 501 1260 nescio
526 1215 634 1277 quid
651 1252 661 1271 ,
687 1217 789 1261 satis
815 1217 971 1261 habuit
999 1220 1162 1263 Canem
1186 1218 1424 1280 appellare.

258 1299 380 1342 XIV.
413 1297 700 1341 Offensarum
740 1298 1165 1360 inimicitiarumque
1205 1302 1388 1345 minime
1429 1319 1598 1347 memor

195 1389 500 1434 exsecutorve,
528 1377 693 1423 Vitellii
716 1379 854 1423 hostis
883 1381 948 1423 sui
975 1379 1111 1424 filiam
1131 1380 1483 1442 splendidissime
1504 1401 1598 1428 ma-

198 1460 374 1514 ritavit,
410 1458 668 1520 dotavitque
707 1460 838 1503 etiam
869 1470 913 1504 et
952 1461 1175 1505 instruxit.
1215 1463 1456 1525 Trepidum
1494 1483 1595 1509 eum

195 1541 430 1586 interdicta
467 1540 568 1586 aula
610 1541 691 1586 sub
729 1543 930 1599 Nerone,
960 1554 1321 1606 quaerentemque
1341 1580 1352 1602 ,
1383 1546 1597 1607 quidnam

195 1633 373 1686 ageret,
411 1634 486 1668 aut
530 1640 619 1684 quo
648 1624 811 1679 abiret,
840 1624 1022 1685 quidam
1049 1642 1100 1669 ex
1132 1625 1280 1670 officio
1315 1627 1597 1673 admissionis

194 1704 325 1749 simul
351 1704 596 1766 expellens,
622 1725 642 1746 «
664 1705 786 1749 abire
817 1706 1102 1750 Morbouiam
1122 1727 1142 1748 >2
1163 1708 1371 1768 jusserat.
1398 1711 1449 1754 In
1476 1710 1597 1755 hunc

199 1796 350 1847 postea
374 1785 685 1847 deprecantem
708 1786 827 1830 haud
856 1786 971 1832 ultra
998 1788 1131 1832 verba
1153 1790 1417 1844 excanduit,
1440 1801 1482 1836 et
1505 1792 1601 1852 qui-

199 1865 299 1910 dem
330 1866 512 1910 totidem
538 1867 626 1910 fere
652 1877 786 1927 atque
811 1867 976 1912 eadem.
1010 1870 1125 1913 Nam
1143 1905 1153 1923 ‚
1180 1880 1226 1913 ut
1249 1872 1501 1932 suspicione
1524 1871 1601 1916 ali-

199 1964 285 2008 qua
314 1947 380 1991 vel
421 1958 540 1992 metu
569 1947 625 1991 ad
663 1949 905 2008 perniciem
932 1950 1193 2011 cujusquam
1238 1952 1598 2014 compelleretur,

199 2039 370 2073 tantum
398 2028 565 2084 abfuit,
594 2039 669 2085 ut,
704 2030 987 2075 monentibus
1022 2032 1174 2076 amicis
1193 2067 1204 2088 ,
1231 2033 1479 2078 cavendum
1506 2051 1598 2079 esse

198 2111 386 2154 Metium
414 2111 782 2171 pomposianum,
819 2112 940 2172 quod
964 2111 1096 2174 vulgo
1123 2114 1381 2159 crederetur
1417 2118 1598 2178 genesin

201 2190 362 2235 habere
389 2192 748 2253 imperatoriam,
777 2193 958 2255 insuper
991 2194 1218 2239 consulem
1261 2195 1441 2253 fecerit,
1468 2215 1600 2259 spon-

199 2270 320 2329 dens,
338 2271 608 2334 quandoque
631 2273 833 2318 beneficii
862 2291 1101 2319 memorem
1126 2276 1342 2322 futurum.

266 2355 362 2397 XV.
388 2354 490 2399 Non
527 2364 690 2398 temere
718 2357 816 2415 quis
841 2357 1023 2416 punitus
1051 2357 1200 2402 insons
1228 2360 1491 2420 reperietur,
1519 2360 1601 2403 nisi

199 2434 377 2479 absente
417 2451 468 2479 eo
510 2444 549 2479 et
577 2435 759 2497 ignaro,
801 2446 877 2480 aut
915 2447 1034 2481 certe
1068 2439 1208 2482 invito
1241 2450 1373 2501 atque
1399 2439 1601 2502 decepto.

201 2514 404 2560 Helvidio
430 2516 604 2571 Prisco,
631 2517 705 2577 qui
733 2527 775 2561 et
799 2535 1024 2562 reversum
1054 2536 1098 2562 sc
1130 2536 1179 2562 ex
1211 2522 1336 2581 Syria
1363 2520 1483 2565 solus
1512 2524 1603 2583 pri-

202 2606 303 2640 vato
339 2597 518 2641 nomine
566 2600 899 2661 Vespasianum
935 2599 1229 2657 salutaverat,
1259 2612 1301 2645 et
1333 2603 1379 2647 in
1413 2614 1602 2664 praetura

200 2678 404 2722 omnibus
432 2678 585 2721 edictis
618 2679 709 2722 sine
738 2680 905 2724 bonore
938 2698 988 2725 ac
1019 2683 1244 2726 mentione
1277 2682 1362 2726 ulla
1395 2686 1604 2728 transmi-
