<?xml version="1.0" encoding="UTF-8"?>
<!DOCTYPE html PUBLIC "-//W3C//DTD XHTML 1.0 Transitional//EN"
    "http://www.w3.org/TR/xhtml1/DTD/xhtml1-transitional.dtd">
<html xmlns="http://www.w3.org/1999/xhtml" xml:lang="en" lang="en">
 <head>
  <title>
</title>
<meta http-equiv="Content-Type" content="text/html;charset=utf-8" />
  <meta name='ocr-system' content='tesseract 3.04.00' />
  <meta name='ocr-capabilities' content='ocr_page ocr_carea ocr_par ocr_line ocrx_word'/>
</head>
<body>
  <div class='ocr_page' id='page_1' title='image "./operagro00suetuoft_0299.png"; bbox 0 0 1988 3439; ppageno 0'>
   <div class='ocr_carea' id='block_1_1' title="bbox 837 287 1586 336">
    <p class='ocr_par' dir='ltr' id='par_1_1' title="bbox 837 287 1586 336">
     <span class='ocr_line' id='line_1_1' title="bbox 837 287 1586 336; baseline 0.001 -15"><span class='ocrx_word' id='word_1_1' title='bbox 837 287 978 322; x_wconf 80' lang='lat' dir='ltr'>NERO.</span> <span class='ocrx_word' id='word_1_2' title='bbox 1514 290 1586 336; x_wconf 57' lang='lat' dir='ltr'>atis)</span> 
     </span>
    </p>
   </div>
   <div class='ocr_carea' id='block_1_2' title="bbox 213 369 1583 916">
    <p class='ocr_par' dir='ltr' id='par_1_2' title="bbox 213 369 1583 916">
     <span class='ocr_line' id='line_1_2' title="bbox 220 369 1583 436; baseline 0.001 -20"><span class='ocrx_word' id='word_1_3' title='bbox 220 373 422 435; x_wconf 75' lang='lat' dir='ltr'>plangere</span> <span class='ocrx_word' id='word_1_4' title='bbox 441 375 647 436; x_wconf 80' lang='lat' dir='ltr'>inciperet</span> <span class='ocrx_word' id='word_1_5' title='bbox 666 390 673 415; x_wconf 89' lang='lat'>:</span> <span class='ocrx_word' id='word_1_6' title='bbox 691 369 821 414; x_wconf 90' lang='lat' dir='ltr'>modo</span> <span class='ocrx_word' id='word_1_7' title='bbox 841 370 1009 425; x_wconf 80' lang='lat' dir='ltr'>orabat,</span> <span class='ocrx_word' id='word_1_8' title='bbox 1024 378 1069 412; x_wconf 88' lang='lat' dir='ltr'>ut</span> <span class='ocrx_word' id='word_1_9' title='bbox 1089 386 1132 412; x_wconf 84' lang='lat' dir='ltr'>se.</span> <span class='ocrx_word' id='word_1_10' title='bbox 1151 369 1305 430; x_wconf 74' lang='lat' dir='ltr'>aliquis</span> <span class='ocrx_word' id='word_1_11' title='bbox 1327 372 1378 414; x_wconf 88' lang='lat' dir='ltr'>ad</span> <span class='ocrx_word' id='word_1_12' title='bbox 1401 384 1583 417; x_wconf 79' lang='lat' dir='ltr'>mortem</span> 
     </span>
     <span class='ocr_line' id='line_1_3' title="bbox 216 449 1582 514; baseline 0 -18"><span class='ocrx_word' id='word_1_13' title='bbox 216 453 524 514; x_wconf 81' lang='lat' dir='ltr'>capessendam</span> <span class='ocrx_word' id='word_1_14' title='bbox 545 450 741 512; x_wconf 87' lang='lat' dir='ltr'>exemplo</span> <span class='ocrx_word' id='word_1_15' title='bbox 757 451 929 512; x_wconf 87' lang='lat' dir='ltr'>juvaret</span> <span class='ocrx_word' id='word_1_16' title='bbox 951 468 959 494; x_wconf 92' lang='lat'>:</span> <span class='ocrx_word' id='word_1_17' title='bbox 982 449 1199 494; x_wconf 89' lang='lat' dir='ltr'>interdum</span> <span class='ocrx_word' id='word_1_18' title='bbox 1216 451 1442 510; x_wconf 79' lang='lat' dir='ltr'>segnitiem</span> <span class='ocrx_word' id='word_1_19' title='bbox 1462 470 1582 496; x_wconf 83' lang='lat' dir='ltr'>suam</span> 
     </span>
     <span class='ocr_line' id='line_1_4' title="bbox 216 530 1581 593; baseline 0 -17"><span class='ocrx_word' id='word_1_20' title='bbox 216 533 281 577; x_wconf 92' lang='lat' dir='ltr'>his</span> <span class='ocrx_word' id='word_1_21' title='bbox 317 534 459 577; x_wconf 89' lang='lat' dir='ltr'>verbis</span> <span class='ocrx_word' id='word_1_22' title='bbox 490 532 739 593; x_wconf 82' lang='lat' dir='ltr'>increpabat</span> <span class='ocrx_word' id='word_1_23' title='bbox 765 548 773 574; x_wconf 91' lang='lat'>:</span> <span class='ocrx_word' id='word_1_24' title='bbox 805 550 827 572; x_wconf 87' lang='lat'>«</span> <span class='ocrx_word' id='word_1_25' title='bbox 846 531 961 575; x_wconf 87' lang='lat' dir='ltr'>Vivo</span> <span class='ocrx_word' id='word_1_26' title='bbox 997 530 1248 574; x_wconf 88' lang='lat' dir='ltr'>deformiter</span> <span class='ocrx_word' id='word_1_27' title='bbox 1277 547 1327 574; x_wconf 89' lang='lat' dir='ltr'>ac</span> <span class='ocrx_word' id='word_1_28' title='bbox 1360 533 1548 592; x_wconf 77' lang='lat' dir='ltr'>turpiter</span> <span class='ocrx_word' id='word_1_29' title='bbox 1574 552 1581 576; x_wconf 90' lang='lat'>:</span> 
     </span>
     <span class='ocr_line' id='line_1_5' title="bbox 216 607 1581 670; baseline 0.001 -14"><span class='ocrx_word' id='word_1_30' title='bbox 216 613 260 658; x_wconf 71' lang='grc' dir='ltr'>οὐ</span> <span class='ocrx_word' id='word_1_31' title='bbox 295 609 427 670; x_wconf 72' lang='grc' dir='ltr'><em>πρέπει</em></span> <span class='ocrx_word' id='word_1_32' title='bbox 460 607 636 669; x_wconf 75' lang='grc' dir='ltr'><em>Νὲρωνι,</em></span> <span class='ocrx_word' id='word_1_33' title='bbox 666 611 706 657; x_wconf 71' lang='grc' dir='ltr'>οὗ</span> <span class='ocrx_word' id='word_1_34' title='bbox 742 607 892 670; x_wconf 76' lang='grc' dir='ltr'><em>πρὲπει·</em></span> <span class='ocrx_word' id='word_1_35' title='bbox 923 608 1058 667; x_wconf 55' lang='grc' dir='ltr'><em>νήφειν</em></span> <span class='ocrx_word' id='word_1_36' title='bbox 1087 614 1152 656; x_wconf 69' lang='grc' dir='ltr'>Σεῖ</span> <span class='ocrx_word' id='word_1_37' title='bbox 1187 610 1226 655; x_wconf 75' lang='grc' dir='ltr'>ἓν</span> <span class='ocrx_word' id='word_1_38' title='bbox 1263 619 1341 661; x_wconf 78' lang='grc' dir='ltr'><strong><em>τοῖς</em></strong></span> <span class='ocrx_word' id='word_1_39' title='bbox 1380 607 1581 663; x_wconf 67' lang='grc' dir='ltr'><em>τοιούτοις·</em></span> 
     </span>
     <span class='ocr_line' id='line_1_6' title="bbox 216 688 1583 753; baseline -0.001 -15"><span class='ocrx_word' id='word_1_40' title='bbox 216 691 294 747; x_wconf 61' lang='lat'>„375</span> <span class='ocrx_word' id='word_1_41' title='bbox 321 690 451 751; x_wconf 71' lang='grc' dir='ltr'><em>ἐ’γειρε</em></span> <span class='ocrx_word' id='word_1_42' title='bbox 481 688 661 740; x_wconf 62' lang='lat' dir='ltr'>aeaut-221.</span> <span class='ocrx_word' id='word_1_43' title='bbox 682 713 702 734; x_wconf 90' lang='lat'>»</span> <span class='ocrx_word' id='word_1_44' title='bbox 727 695 910 752; x_wconf 87' lang='lat' dir='ltr'>Jamque</span> <span class='ocrx_word' id='word_1_45' title='bbox 943 693 1110 752; x_wconf 89' lang='lat' dir='ltr'>equites</span> <span class='ocrx_word' id='word_1_46' title='bbox 1143 693 1583 753; x_wconf 81' lang='lat' dir='ltr'>appropinquabant,</span> 
     </span>
     <span class='ocr_line' id='line_1_7' title="bbox 214 773 1583 836; baseline -0.001 -19"><span class='ocrx_word' id='word_1_47' title='bbox 214 776 371 836; x_wconf 91' lang='lat' dir='ltr'>quibus</span> <span class='ocrx_word' id='word_1_48' title='bbox 386 784 648 836; x_wconf 83' lang='lat' dir='ltr'>praeceptum</span> <span class='ocrx_word' id='word_1_49' title='bbox 663 784 781 829; x_wconf 88' lang='lat' dir='ltr'>erat,</span> <span class='ocrx_word' id='word_1_50' title='bbox 798 783 846 818; x_wconf 91' lang='lat' dir='ltr'>ut</span> <span class='ocrx_word' id='word_1_51' title='bbox 865 774 1012 817; x_wconf 88' lang='lat' dir='ltr'>vivum</span> <span class='ocrx_word' id='word_1_52' title='bbox 1031 789 1130 817; x_wconf 91' lang='lat' dir='ltr'>eum</span> <span class='ocrx_word' id='word_1_53' title='bbox 1146 773 1430 817; x_wconf 85' lang='lat' dir='ltr'>attraherent.</span> <span class='ocrx_word' id='word_1_54' title='bbox 1451 774 1583 831; x_wconf 89' lang='lat' dir='ltr'>Quod</span> 
     </span>
     <span class='ocr_line' id='line_1_8' title="bbox 213 853 937 916; baseline -0.003 -16"><span class='ocrx_word' id='word_1_55' title='bbox 213 865 262 900; x_wconf 88' lang='lat' dir='ltr'>ut</span> <span class='ocrx_word' id='word_1_56' title='bbox 278 856 410 899; x_wconf 88' lang='lat' dir='ltr'>sensit</span> <span class='ocrx_word' id='word_1_57' title='bbox 424 890 435 909; x_wconf 86' lang='lat'><strong>‚</strong></span> <span class='ocrx_word' id='word_1_58' title='bbox 459 854 730 916; x_wconf 87' lang='lat' dir='ltr'>trepidanter</span> <span class='ocrx_word' id='word_1_59' title='bbox 753 853 911 899; x_wconf 86' lang='lat' dir='ltr'>effatus</span> <span class='ocrx_word' id='word_1_60' title='bbox 926 889 937 910; x_wconf 92' lang='lat'>,</span> 
     </span>
    </p>
   </div>
   <div class='ocr_carea' id='block_1_3' title="bbox 390 977 1282 1027">
    <p class='ocr_par' dir='ltr' id='par_1_3' title="bbox 390 977 1282 1027">
     <span class='ocr_line' id='line_1_9' title="bbox 390 977 1282 1027; baseline -0.002 -11"><span class='ocrx_word' id='word_1_61' title='bbox 390 977 498 1016; x_wconf 73' lang='grc' dir='ltr'>Ῐππων</span> <span class='ocrx_word' id='word_1_62' title='bbox 525 987 556 1027; x_wconf 75' lang='grc' dir='ltr'>μ’</span> <span class='ocrx_word' id='word_1_63' title='bbox 581 980 756 1016; x_wconf 62' lang='grc' dir='ltr'>ὠκυπόδων</span> <span class='ocrx_word' id='word_1_64' title='bbox 787 982 867 1027; x_wconf 47' lang='grc' dir='ltr'>ἀμφὶ</span> <span class='ocrx_word' id='word_1_65' title='bbox 889 984 1007 1020; x_wconf 66' lang='grc' dir='ltr'>κτύπος</span> <span class='ocrx_word' id='word_1_66' title='bbox 1031 983 1133 1015; x_wconf 56' lang='lat' dir='ltr'>eiiam-:2</span> <span class='ocrx_word' id='word_1_67' title='bbox 1154 984 1282 1023; x_wconf 68' lang='grc' dir='ltr'>βάλλει,</span> 
     </span>
    </p>
   </div>
   <div class='ocr_carea' id='block_1_4' title="bbox 204 1084 1584 2753">
    <p class='ocr_par' dir='ltr' id='par_1_4' title="bbox 204 1084 1584 1950">
     <span class='ocr_line' id='line_1_10' title="bbox 212 1084 1579 1148; baseline -0.001 -17"><span class='ocrx_word' id='word_1_68' title='bbox 212 1088 373 1132; x_wconf 83' lang='lat' dir='ltr'>ferrum</span> <span class='ocrx_word' id='word_1_69' title='bbox 403 1086 558 1148; x_wconf 87' lang='lat' dir='ltr'>jugulo</span> <span class='ocrx_word' id='word_1_70' title='bbox 597 1086 769 1148; x_wconf 84' lang='lat' dir='ltr'>adegit,</span> <span class='ocrx_word' id='word_1_71' title='bbox 798 1087 979 1146; x_wconf 88' lang='lat' dir='ltr'>juvante</span> <span class='ocrx_word' id='word_1_72' title='bbox 1015 1084 1319 1146; x_wconf 85' lang='lat' dir='ltr'>Epaphrodito</span> <span class='ocrx_word' id='word_1_73' title='bbox 1350 1101 1373 1129; x_wconf 92' lang='lat' dir='ltr'>a</span> <span class='ocrx_word' id='word_1_74' title='bbox 1412 1085 1579 1131; x_wconf 76' lang='lat' dir='ltr'>libellis.</span> 
     </span>
     <span class='ocr_line' id='line_1_11' title="bbox 211 1165 1581 1227; baseline -0.001 -16"><span class='ocrx_word' id='word_1_75' title='bbox 211 1167 571 1227; x_wconf 86' lang='lat' dir='ltr'>Semianimisque</span> <span class='ocrx_word' id='word_1_76' title='bbox 593 1165 736 1210; x_wconf 88' lang='lat' dir='ltr'>adhuc</span> <span class='ocrx_word' id='word_1_77' title='bbox 761 1166 1020 1226; x_wconf 85' lang='lat' dir='ltr'>irrumpenti</span> <span class='ocrx_word' id='word_1_78' title='bbox 1044 1165 1313 1216; x_wconf 79' lang='lat' dir='ltr'>centurioni,</span> <span class='ocrx_word' id='word_1_79' title='bbox 1330 1175 1391 1220; x_wconf 86' lang='lat' dir='ltr'>et,</span> <span class='ocrx_word' id='word_1_80' title='bbox 1413 1166 1581 1226; x_wconf 87' lang='lat' dir='ltr'>paenula</span> 
     </span>
     <span class='ocr_line' id='line_1_12' title="bbox 210 1244 1580 1308; baseline -0.002 -16"><span class='ocrx_word' id='word_1_81' title='bbox 210 1248 264 1292; x_wconf 88' lang='lat' dir='ltr'>ad</span> <span class='ocrx_word' id='word_1_82' title='bbox 285 1246 442 1292; x_wconf 89' lang='lat' dir='ltr'>vulnus</span> <span class='ocrx_word' id='word_1_83' title='bbox 469 1247 689 1308; x_wconf 88' lang='lat' dir='ltr'>apposita,</span> <span class='ocrx_word' id='word_1_84' title='bbox 705 1247 747 1289; x_wconf 89' lang='lat' dir='ltr'>in</span> <span class='ocrx_word' id='word_1_85' title='bbox 766 1245 975 1290; x_wconf 81' lang='lat' dir='ltr'>auxilium</span> <span class='ocrx_word' id='word_1_86' title='bbox 987 1261 1031 1288; x_wconf 88' lang='lat' dir='ltr'>se</span> <span class='ocrx_word' id='word_1_87' title='bbox 1051 1247 1214 1288; x_wconf 89' lang='lat' dir='ltr'>venisse</span> <span class='ocrx_word' id='word_1_88' title='bbox 1234 1244 1474 1301; x_wconf 86' lang='lat' dir='ltr'>simulanti,</span> <span class='ocrx_word' id='word_1_89' title='bbox 1494 1263 1580 1289; x_wconf 87' lang='lat' dir='ltr'>non</span> 
     </span>
     <span class='ocr_line' id='line_1_13' title="bbox 211 1324 1584 1388; baseline -0.001 -16"><span class='ocrx_word' id='word_1_90' title='bbox 211 1327 328 1372; x_wconf 90' lang='lat' dir='ltr'>aliud</span> <span class='ocrx_word' id='word_1_91' title='bbox 349 1327 594 1388; x_wconf 90' lang='lat' dir='ltr'>respondit,</span> <span class='ocrx_word' id='word_1_92' title='bbox 618 1343 747 1387; x_wconf 88' lang='lat' dir='ltr'>quam</span> <span class='ocrx_word' id='word_1_93' title='bbox 770 1328 933 1380; x_wconf 86' lang='lat' dir='ltr'>«Sero,</span> <span class='ocrx_word' id='word_1_94' title='bbox 950 1345 969 1366; x_wconf 74' lang='lat' dir='ltr'>n</span> <span class='ocrx_word' id='word_1_95' title='bbox 993 1335 1054 1381; x_wconf 92' lang='lat' dir='ltr'>et,</span> <span class='ocrx_word' id='word_1_96' title='bbox 1079 1328 1214 1369; x_wconf 81' lang='lat' dir='ltr'>«Haec</span> <span class='ocrx_word' id='word_1_97' title='bbox 1241 1335 1303 1369; x_wconf 89' lang='lat' dir='ltr'>est</span> <span class='ocrx_word' id='word_1_98' title='bbox 1329 1324 1453 1369; x_wconf 80' lang='lat' dir='ltr'>fides!</span> <span class='ocrx_word' id='word_1_99' title='bbox 1471 1346 1490 1366; x_wconf 90' lang='lat'>»</span> <span class='ocrx_word' id='word_1_100' title='bbox 1514 1329 1584 1371; x_wconf 90' lang='lat' dir='ltr'>At-</span> 
     </span>
     <span class='ocr_line' id='line_1_14' title="bbox 210 1405 1582 1468; baseline -0.001 -18"><span class='ocrx_word' id='word_1_101' title='bbox 210 1425 293 1468; x_wconf 89' lang='lat' dir='ltr'>que</span> <span class='ocrx_word' id='word_1_102' title='bbox 321 1409 363 1451; x_wconf 92' lang='lat' dir='ltr'>in</span> <span class='ocrx_word' id='word_1_103' title='bbox 390 1424 438 1451; x_wconf 87' lang='lat' dir='ltr'>ea</span> <span class='ocrx_word' id='word_1_104' title='bbox 464 1422 567 1450; x_wconf 91' lang='lat' dir='ltr'>voce</span> <span class='ocrx_word' id='word_1_105' title='bbox 591 1406 774 1459; x_wconf 87' lang='lat' dir='ltr'>defecit,</span> <span class='ocrx_word' id='word_1_106' title='bbox 799 1406 1068 1449; x_wconf 85' lang='lat' dir='ltr'>exstantibus</span> <span class='ocrx_word' id='word_1_107' title='bbox 1087 1405 1417 1466; x_wconf 84' lang='lat' dir='ltr'>rigentibusque</span> <span class='ocrx_word' id='word_1_108' title='bbox 1445 1405 1582 1450; x_wconf 78' lang='lat' dir='ltr'>oculis</span> 
     </span>
     <span class='ocr_line' id='line_1_15' title="bbox 211 1485 1582 1548; baseline -0.002 -16"><span class='ocrx_word' id='word_1_109' title='bbox 211 1503 346 1548; x_wconf 91' lang='lat' dir='ltr'>usque</span> <span class='ocrx_word' id='word_1_110' title='bbox 359 1487 413 1531; x_wconf 90' lang='lat' dir='ltr'>ad</span> <span class='ocrx_word' id='word_1_111' title='bbox 431 1488 657 1531; x_wconf 89' lang='lat' dir='ltr'>horrorem</span> <span class='ocrx_word' id='word_1_112' title='bbox 674 1485 1039 1545; x_wconf 86' lang='lat' dir='ltr'>formidinemque</span> <span class='ocrx_word' id='word_1_113' title='bbox 1056 1486 1303 1528; x_wconf 88' lang='lat' dir='ltr'>visentium.</span> <span class='ocrx_word' id='word_1_114' title='bbox 1324 1485 1445 1530; x_wconf 91' lang='lat' dir='ltr'>Nihil</span> <span class='ocrx_word' id='word_1_115' title='bbox 1462 1488 1582 1547; x_wconf 82' lang='lat' dir='ltr'>prius</span> 
     </span>
     <span class='ocr_line' id='line_1_16' title="bbox 207 1566 1582 1629; baseline -0.001 -17"><span class='ocrx_word' id='word_1_116' title='bbox 207 1578 281 1612; x_wconf 88' lang='lat' dir='ltr'>aut</span> <span class='ocrx_word' id='word_1_117' title='bbox 311 1567 448 1629; x_wconf 86' lang='lat' dir='ltr'>magis</span> <span class='ocrx_word' id='word_1_118' title='bbox 474 1583 498 1612; x_wconf 88' lang='lat' dir='ltr'>a</span> <span class='ocrx_word' id='word_1_119' title='bbox 524 1566 757 1611; x_wconf 84' lang='lat' dir='ltr'>comitibus</span> <span class='ocrx_word' id='word_1_120' title='bbox 781 1575 1006 1627; x_wconf 79' lang='lat' dir='ltr'>exegerat,</span> <span class='ocrx_word' id='word_1_121' title='bbox 1034 1581 1165 1626; x_wconf 87' lang='lat' dir='ltr'>quam</span> <span class='ocrx_word' id='word_1_122' title='bbox 1193 1582 1246 1608; x_wconf 90' lang='lat' dir='ltr'>ne</span> <span class='ocrx_word' id='word_1_123' title='bbox 1276 1574 1464 1626; x_wconf 88' lang='lat' dir='ltr'>potestas</span> <span class='ocrx_word' id='word_1_124' title='bbox 1493 1569 1582 1611; x_wconf 88' lang='lat' dir='ltr'>cui—</span> 
     </span>
     <span class='ocr_line' id='line_1_17' title="bbox 204 1646 1580 1709; baseline -0.001 -16"><span class='ocrx_word' id='word_1_125' title='bbox 204 1665 335 1709; x_wconf 84' lang='lat' dir='ltr'>quam</span> <span class='ocrx_word' id='word_1_126' title='bbox 370 1649 524 1709; x_wconf 88' lang='lat' dir='ltr'>capitis</span> <span class='ocrx_word' id='word_1_127' title='bbox 555 1648 621 1691; x_wconf 89' lang='lat' dir='ltr'>sui</span> <span class='ocrx_word' id='word_1_128' title='bbox 657 1647 808 1702; x_wconf 78' lang='lat' dir='ltr'>fieret3</span> <span class='ocrx_word' id='word_1_129' title='bbox 847 1646 922 1691; x_wconf 91' lang='lat' dir='ltr'>sed</span> <span class='ocrx_word' id='word_1_130' title='bbox 957 1658 1029 1703; x_wconf 87' lang='lat' dir='ltr'>ut,</span> <span class='ocrx_word' id='word_1_131' title='bbox 1064 1663 1242 1707; x_wconf 88' lang='lat' dir='ltr'>quoquo</span> <span class='ocrx_word' id='word_1_132' title='bbox 1277 1647 1427 1704; x_wconf 88' lang='lat' dir='ltr'>modo,</span> <span class='ocrx_word' id='word_1_133' title='bbox 1464 1658 1580 1692; x_wconf 83' lang='lat' dir='ltr'>totus</span> 
     </span>
     <span class='ocr_line' id='line_1_18' title="bbox 205 1726 1579 1783; baseline -0.001 -10"><span class='ocrx_word' id='word_1_134' title='bbox 205 1739 488 1774; x_wconf 77' lang='lat' dir='ltr'>cremaretur.</span> <span class='ocrx_word' id='word_1_135' title='bbox 515 1729 716 1772; x_wconf 87' lang='lat' dir='ltr'>Permisit</span> <span class='ocrx_word' id='word_1_136' title='bbox 753 1728 835 1772; x_wconf 91' lang='lat' dir='ltr'>hoc</span> <span class='ocrx_word' id='word_1_137' title='bbox 864 1726 1030 1783; x_wconf 81' lang='lat' dir='ltr'>Icelus,</span> <span class='ocrx_word' id='word_1_138' title='bbox 1063 1726 1214 1772; x_wconf 81' lang='lat' dir='ltr'>Galbae</span> <span class='ocrx_word' id='word_1_139' title='bbox 1252 1726 1462 1782; x_wconf 85' lang='lat' dir='ltr'>libertus,</span> <span class='ocrx_word' id='word_1_140' title='bbox 1493 1746 1579 1774; x_wconf 91' lang='lat' dir='ltr'>non</span> 
     </span>
     <span class='ocr_line' id='line_1_19' title="bbox 209 1807 1579 1868; baseline 0 -15"><span class='ocrx_word' id='word_1_141' title='bbox 209 1808 345 1853; x_wconf 86' lang='lat' dir='ltr'>multo</span> <span class='ocrx_word' id='word_1_142' title='bbox 383 1819 482 1853; x_wconf 91' lang='lat' dir='ltr'>ante</span> <span class='ocrx_word' id='word_1_143' title='bbox 516 1807 700 1852; x_wconf 88' lang='lat' dir='ltr'>vinculis</span> <span class='ocrx_word' id='word_1_144' title='bbox 731 1807 980 1863; x_wconf 87' lang='lat' dir='ltr'>exsolutus,</span> <span class='ocrx_word' id='word_1_145' title='bbox 1011 1809 1052 1850; x_wconf 88' lang='lat' dir='ltr'>in</span> <span class='ocrx_word' id='word_1_146' title='bbox 1085 1824 1181 1868; x_wconf 84' lang='lat' dir='ltr'>quae</span> <span class='ocrx_word' id='word_1_147' title='bbox 1215 1809 1357 1868; x_wconf 91' lang='lat' dir='ltr'>primo</span> <span class='ocrx_word' id='word_1_148' title='bbox 1391 1809 1579 1853; x_wconf 80' lang='lat' dir='ltr'>tumultu</span> 
     </span>
     <span class='ocr_line' id='line_1_20' title="bbox 205 1889 601 1950; baseline 0.003 -19"><span class='ocrx_word' id='word_1_149' title='bbox 205 1891 426 1950; x_wconf 78' lang='lat' dir='ltr'>conjectus</span> <span class='ocrx_word' id='word_1_150' title='bbox 448 1889 601 1933; x_wconf 87' lang='lat' dir='ltr'>fuerat.</span> 
     </span>
    </p>

    <p class='ocr_par' dir='ltr' id='par_1_5' title="bbox 204 1969 1581 2575">
     <span class='ocr_line' id='line_1_21' title="bbox 271 1969 1581 2030; baseline 0.001 -16"><span class='ocrx_word' id='word_1_151' title='bbox 271 1972 318 2014; x_wconf 88' lang='lat' dir='ltr'>L.</span> <span class='ocrx_word' id='word_1_152' title='bbox 349 1972 590 2014; x_wconf 84' lang='lat' dir='ltr'>Funeratus</span> <span class='ocrx_word' id='word_1_153' title='bbox 611 1980 676 2013; x_wconf 91' lang='lat' dir='ltr'>est</span> <span class='ocrx_word' id='word_1_154' title='bbox 703 1971 897 2030; x_wconf 86' lang='lat' dir='ltr'>impensa</span> <span class='ocrx_word' id='word_1_155' title='bbox 922 1969 1215 2013; x_wconf 88' lang='lat' dir='ltr'>ducentorum</span> <span class='ocrx_word' id='word_1_156' title='bbox 1241 1969 1449 2026; x_wconf 89' lang='lat' dir='ltr'>millium,</span> <span class='ocrx_word' id='word_1_157' title='bbox 1475 1982 1581 2015; x_wconf 83' lang='lat' dir='ltr'>stra—</span> 
     </span>
     <span class='ocr_line' id='line_1_22' title="bbox 207 2049 1579 2111; baseline 0.001 -17"><span class='ocrx_word' id='word_1_158' title='bbox 207 2049 319 2111; x_wconf 83' lang='lat' dir='ltr'>gulis</span> <span class='ocrx_word' id='word_1_159' title='bbox 347 2049 455 2094; x_wconf 91' lang='lat' dir='ltr'>albis</span> <span class='ocrx_word' id='word_1_160' title='bbox 481 2066 589 2094; x_wconf 91' lang='lat' dir='ltr'>auro</span> <span class='ocrx_word' id='word_1_161' title='bbox 621 2051 818 2104; x_wconf 80' lang='lat' dir='ltr'>intextis,</span> <span class='ocrx_word' id='word_1_162' title='bbox 843 2050 1002 2109; x_wconf 87' lang='lat' dir='ltr'>quihus</span> <span class='ocrx_word' id='word_1_163' title='bbox 1035 2066 1138 2093; x_wconf 89' lang='lat' dir='ltr'>usus</span> <span class='ocrx_word' id='word_1_164' title='bbox 1169 2049 1366 2093; x_wconf 84' lang='lat' dir='ltr'>kalendis</span> <span class='ocrx_word' id='word_1_165' title='bbox 1389 2051 1579 2111; x_wconf 83' lang='lat' dir='ltr'>januarii</span> 
     </span>
     <span class='ocr_line' id='line_1_23' title="bbox 207 2129 1581 2191; baseline 0 -18"><span class='ocrx_word' id='word_1_166' title='bbox 207 2130 358 2173; x_wconf 86' lang='lat' dir='ltr'>fuerat.</span> <span class='ocrx_word' id='word_1_167' title='bbox 375 2129 597 2190; x_wconf 87' lang='lat' dir='ltr'>Reliquias</span> <span class='ocrx_word' id='word_1_168' title='bbox 624 2129 785 2191; x_wconf 87' lang='lat' dir='ltr'>Ecloge</span> <span class='ocrx_word' id='word_1_169' title='bbox 808 2140 849 2174; x_wconf 89' lang='lat' dir='ltr'>et</span> <span class='ocrx_word' id='word_1_170' title='bbox 873 2129 1117 2174; x_wconf 77' lang='lat' dir='ltr'>Alexandra</span> <span class='ocrx_word' id='word_1_171' title='bbox 1134 2131 1322 2174; x_wconf 83' lang='lat' dir='ltr'>nutrices</span> <span class='ocrx_word' id='word_1_172' title='bbox 1345 2148 1445 2175; x_wconf 79' lang='lat' dir='ltr'>euni</span> <span class='ocrx_word' id='word_1_173' title='bbox 1475 2135 1581 2176; x_wconf 73' lang='lat' dir='ltr'>Acte</span> 
     </span>
     <span class='ocr_line' id='line_1_24' title="bbox 207 2209 1579 2270; baseline 0.001 -16"><span class='ocrx_word' id='word_1_174' title='bbox 207 2210 450 2254; x_wconf 82' lang='lat' dir='ltr'>concubina</span> <span class='ocrx_word' id='word_1_175' title='bbox 468 2209 618 2270; x_wconf 84' lang='lat' dir='ltr'>gentili</span> <span class='ocrx_word' id='word_1_176' title='bbox 642 2211 937 2254; x_wconf 89' lang='lat' dir='ltr'>Domitiorum</span> <span class='ocrx_word' id='word_1_177' title='bbox 962 2221 1245 2254; x_wconf 90' lang='lat' dir='ltr'>monumento</span> <span class='ocrx_word' id='word_1_178' title='bbox 1266 2211 1579 2267; x_wconf 85' lang='lat' dir='ltr'>condiderunt,</span> 
     </span>
     <span class='ocr_line' id='line_1_25' title="bbox 206 2289 1580 2351; baseline 0.002 -18"><span class='ocrx_word' id='word_1_179' title='bbox 206 2289 321 2350; x_wconf 91' lang='lat' dir='ltr'>quod</span> <span class='ocrx_word' id='word_1_180' title='bbox 351 2290 616 2350; x_wconf 84' lang='lat' dir='ltr'>prospicitur</span> <span class='ocrx_word' id='word_1_181' title='bbox 639 2305 662 2331; x_wconf 92' lang='lat' dir='ltr'>e</span> <span class='ocrx_word' id='word_1_182' title='bbox 682 2306 836 2350; x_wconf 85' lang='lat' dir='ltr'>campo</span> <span class='ocrx_word' id='word_1_183' title='bbox 865 2291 1047 2344; x_wconf 81' lang='lat' dir='ltr'>Martio,</span> <span class='ocrx_word' id='word_1_184' title='bbox 1076 2292 1327 2351; x_wconf 88' lang='lat' dir='ltr'>impositum</span> <span class='ocrx_word' id='word_1_185' title='bbox 1353 2292 1452 2336; x_wconf 91' lang='lat' dir='ltr'>colli</span> <span class='ocrx_word' id='word_1_186' title='bbox 1483 2294 1580 2336; x_wconf 83' lang='lat' dir='ltr'>lior-</span> 
     </span>
     <span class='ocr_line' id='line_1_26' title="bbox 206 2367 1580 2430; baseline 0.002 -17"><span class='ocrx_word' id='word_1_187' title='bbox 206 2381 366 2414; x_wconf 88' lang='lat' dir='ltr'>torum.</span> <span class='ocrx_word' id='word_1_188' title='bbox 394 2371 443 2412; x_wconf 91' lang='lat' dir='ltr'>In</span> <span class='ocrx_word' id='word_1_189' title='bbox 476 2385 527 2412; x_wconf 91' lang='lat' dir='ltr'>eo</span> <span class='ocrx_word' id='word_1_190' title='bbox 562 2379 848 2412; x_wconf 84' lang='lat' dir='ltr'>monumento</span> <span class='ocrx_word' id='word_1_191' title='bbox 881 2367 1035 2412; x_wconf 87' lang='lat' dir='ltr'>solium</span> <span class='ocrx_word' id='word_1_192' title='bbox 1067 2370 1365 2430; x_wconf 77' lang='lat' dir='ltr'>porphyretici</span> <span class='ocrx_word' id='word_1_193' title='bbox 1395 2388 1580 2416; x_wconf 87' lang='lat' dir='ltr'>marmo-</span> 
     </span>
     <span class='ocr_line' id='line_1_27' title="bbox 206 2449 1580 2512; baseline 0 -18"><span class='ocrx_word' id='word_1_194' title='bbox 206 2452 293 2508; x_wconf 87' lang='lat' dir='ltr'>ris,</span> <span class='ocrx_word' id='word_1_195' title='bbox 323 2459 593 2510; x_wconf 86' lang='lat' dir='ltr'>superstante</span> <span class='ocrx_word' id='word_1_196' title='bbox 632 2449 819 2493; x_wconf 85' lang='lat' dir='ltr'>Lunensi</span> <span class='ocrx_word' id='word_1_197' title='bbox 847 2465 946 2502; x_wconf 84' lang='lat' dir='ltr'>ara,</span> <span class='ocrx_word' id='word_1_198' title='bbox 970 2451 1304 2510; x_wconf 73' lang='lat' dir='ltr'>circumseptum</span> <span class='ocrx_word' id='word_1_199' title='bbox 1332 2462 1393 2495; x_wconf 86' lang='lat' dir='ltr'>est</span> <span class='ocrx_word' id='word_1_200' title='bbox 1438 2451 1580 2512; x_wconf 78' lang='lat' dir='ltr'>lapid«-</span> 
     </span>
     <span class='ocr_line' id='line_1_28' title="bbox 204 2530 377 2575; baseline 0 -1"><span class='ocrx_word' id='word_1_201' title='bbox 204 2530 377 2575; x_wconf 84' lang='lat' dir='ltr'>Thasio.</span> 
     </span>
    </p>

    <p class='ocr_par' dir='ltr' id='par_1_6' title="bbox 207 2608 1578 2753">
     <span class='ocr_line' id='line_1_29' title="bbox 270 2608 1577 2673; baseline 0.001 -18"><span class='ocrx_word' id='word_1_202' title='bbox 270 2613 339 2655; x_wconf 84' lang='lat' dir='ltr'>LI.</span> <span class='ocrx_word' id='word_1_203' title='bbox 367 2608 540 2655; x_wconf 78' lang='lat' dir='ltr'>Statura</span> <span class='ocrx_word' id='word_1_204' title='bbox 565 2611 643 2654; x_wconf 77' lang='lat' dir='ltr'>fuit</span> <span class='ocrx_word' id='word_1_205' title='bbox 671 2613 959 2672; x_wconf 80' lang='lat' dir='ltr'>propejusta,</span> <span class='ocrx_word' id='word_1_206' title='bbox 983 2630 1166 2673; x_wconf 78' lang='lat' dir='ltr'>corpore</span> <span class='ocrx_word' id='word_1_207' title='bbox 1183 2613 1405 2657; x_wconf 74' lang='lat' dir='ltr'>maculoso</span> <span class='ocrx_word' id='word_1_208' title='bbox 1433 2623 1469 2656; x_wconf 86' lang='lat' dir='ltr'>et</span> <span class='ocrx_word' id='word_1_209' title='bbox 1503 2614 1577 2656; x_wconf 78' lang='lat' dir='ltr'>fu·-</span> 
     </span>
     <span class='ocr_line' id='line_1_30' title="bbox 207 2690 1578 2753; baseline 0.001 -19"><span class='ocrx_word' id='word_1_210' title='bbox 207 2690 325 2747; x_wconf 88' lang='lat' dir='ltr'>tido;</span> <span class='ocrx_word' id='word_1_211' title='bbox 351 2690 534 2735; x_wconf 78' lang='lat' dir='ltr'>sufflavo</span> <span class='ocrx_word' id='word_1_212' title='bbox 568 2690 747 2751; x_wconf 79' lang='lat' dir='ltr'>capillo,</span> <span class='ocrx_word' id='word_1_213' title='bbox 782 2691 902 2736; x_wconf 90' lang='lat' dir='ltr'>vultu</span> <span class='ocrx_word' id='word_1_214' title='bbox 937 2692 1119 2752; x_wconf 80' lang='lat' dir='ltr'>pulchro</span> <span class='ocrx_word' id='word_1_215' title='bbox 1154 2694 1314 2753; x_wconf 79' lang='lat' dir='ltr'>inagis,</span> <span class='ocrx_word' id='word_1_216' title='bbox 1342 2710 1471 2753; x_wconf 82' lang='lat' dir='ltr'>quain</span> <span class='ocrx_word' id='word_1_217' title='bbox 1509 2711 1578 2738; x_wconf 72' lang='lat' dir='ltr'>vc-</span> 
     </span>
    </p>
   </div>
  </div>
 </body>
</html>
