1988 3407
771 259 1118 297 VESPASIANUS.
1618 254 1658 295 ’,5

257 354 431 410 luisses,
450 374 470 395 »
498 352 755 409 litterasque
780 345 1018 390 revocavit.
1055 340 1316 386 Classiarios
1347 357 1477 395 vero,
1505 340 1654 400 quial)

256 437 381 482 Ostia
413 445 450 479 et
478 429 672 477 Puteolis
703 431 892 472 Romam
921 423 1106 485 pedibus
1132 439 1209 483 per
1234 421 1348 465 vices
1375 430 1627 465 commeant
1649 455 1658 472 ‚

263 527 481 580 petentes,
501 509 744 556 «constitui
767 505 936 568 aliquid
960 505 1043 549 sibi
1062 502 1258 548 calciarii
1278 503 1512 558 nomine,»
1532 503 1657 562 quasi

260 614 415 659 parum
435 604 547 639 esset
583 593 676 637 sine
699 605 912 651 responso
949 586 1170 646 abegisse,
1195 584 1328 644 jussit
1360 584 1554 644 posthaec
1585 601 1660 627 cx-

257 677 462 723 calciatos
498 673 712 719 cursitare
749 688 757 714 :
788 680 832 713 et
867 686 917 713 ex
955 685 1006 712 eo
1049 668 1108 711 ita
1146 665 1378 709 cursitant.
1416 664 1657 717 Achaiam,

258 760 456 820 Lyciam,
497 753 730 809 Rhodum,
771 750 1063 812 Byzantium,
1100 750 1302 802 Samum,
1341 744 1543 789 libertate
1583 745 1659 789 ad-

258 851 403 896 emta,
432 840 534 882 item
558 835 824 887 Thraciam,
862 831 1066 877 Ciliciam
1084 865 1095 885 ,
1123 839 1166 873 et
1207 830 1567 888 Commagenen,
1599 825 1659 868 di-

258 922 391 967 tionis
425 920 557 981 regiae
593 933 734 977 usque
759 914 813 959 ad
841 913 884 957 id
913 923 1115 973 tempus,
1138 911 1180 954 in
1211 908 1542 970 provinciarum
1575 907 1661 951 for-

257 1020 377 1048 mam
404 1001 586 1062 redegit.
610 996 904 1060 Cappadociae
928 1003 1112 1056 propter
1138 991 1336 1036 assiduos
1364 990 1660 1033 Barbarorum

257 1086 460 1130 incursus
490 1081 682 1143 legiones
716 1077 915 1133 addidit,
946 1073 1317 1133 consularemque
1337 1081 1551 1115 rectorem
1581 1072 1662 1114 im-

259 1167 405 1229 posuit
428 1181 507 1227 pro
534 1163 681 1224 equite
709 1176 909 1205 romano.
941 1156 1168 1202 Deformis
1195 1155 1314 1199 Urbs
1342 1153 1564 1197 veteribus
1595 1154 1662 1196 in-

258 1246 426 1292 cendiis
454 1263 505 1290 ac
529 1245 668 1288 ruinis
697 1252 790 1286 erat
823 1258 830 1284 :
865 1255 1023 1283 vacuas
1048 1253 1169 1281 areas
1191 1251 1434 1296 occupare,
1462 1244 1505 1277 et
1524 1233 1662 1278 aedifl-

260 1345 384 1385 care,
406 1328 440 1371 si
464 1341 736 1388 possessores
765 1329 1010 1373 cessarent,
1043 1319 1293 1377 cuicunque
1321 1316 1531 1378 permisit.
1566 1317 1664 1376 Ipse

261 1409 589 1454 restitutionem
626 1402 836 1466 Capitolii
861 1416 1119 1463 aggressus,
1159 1397 1394 1442 ruderibus
1422 1396 1665 1458 purgandis

267 1506 424 1534 manus
450 1488 619 1550 primus
640 1484 865 1539 admovit,
890 1499 941 1526 ac
972 1497 1051 1526 suo
1084 1478 1198 1524 collo
1235 1477 1437 1539 quaedam
1466 1477 1625 1521 extulit
1656 1495 1664 1520 :

261 1585 566 1631 aerearumque
606 1565 858 1611 tabularum
889 1564 972 1608 tria
1003 1560 1164 1617 millia,
1204 1575 1300 1620 quae
1338 1557 1470 1603 simul
1499 1558 1666 1602 conssa-

261 1660 497 1716 graverant
515 1686 528 1706 ‚
574 1645 844 1693 restituenda
889 1643 1110 1704 suscepit,
1156 1639 1352 1701 undique
1392 1639 1665 1701 investigatis

263 1733 615 1796 exemplaribus,
647 1732 992 1775 instrumentum
1021 1724 1195 1787 imperii
1229 1721 1583 1785 pulcherrimum
1616 1740 1666 1766 ac

266 1816 614 1862 vetustissimum
631 1848 642 1867 ,
667 1829 755 1873 quo
778 1809 1122 1855 continebantur
1143 1821 1268 1867 paene
1296 1804 1350 1848 ab
1372 1803 1554 1848 exordio
1576 1806 1665 1848 Ur-

265 1898 331 1942 bis
356 1893 766 1949 senatusconsulta,
795 1890 1025 1953 plebiscita
1042 1924 1053 1945 ,
1085 1887 1138 1932 de
1161 1887 1392 1942 societate,
1417 1895 1461 1929 et
1487 1885 1668 1935 foedere,

266 1996 316 2023 ac
346 1975 606 2040 privilegio,
632 1975 882 2034 cuicunque
909 1971 1142 2015 concessis.

330 2063 410 2106 IX.
439 2059 558 2103 Fecit
579 2067 623 2101 et
651 2072 766 2101 nova
789 2070 947 2116 opera,
979 2050 1196 2113 templum
1224 2050 1347 2095 Pacis
1374 2052 1489 2093 Foro
1514 2049 1663 2109 proxi-

268 2159 411 2198 mum;
449 2140 629 2200 divique
658 2135 834 2183 Claudii
876 2136 919 2178 in
948 2132 1089 2179 Coelio
1123 2142 1296 2187 monte,
1341 2140 1534 2192 coeptum
1575 2131 1672 2190 qui-

267 2223 368 2267 dem
399 2222 453 2266 ab
494 2219 767 2282 Agrippina,
805 2216 879 2261 sed
910 2233 933 2260 a
976 2216 1155 2259 Nerone
1194 2229 1333 2274 prope
1360 2211 1562 2256 funditus
1595 2210 1671 2253 de-

267 2313 486 2349 structum
521 2320 529 2345 :
561 2302 665 2345 item
696 2297 1076 2359 amphitheatrum
1104 2295 1214 2338 urbe
1258 2292 1422 2349 media,
1462 2302 1510 2336 ut
1537 2291 1671 2336 desti-

273 2401 399 2430 nasse
433 2391 709 2444 compererat
746 2383 1010 2439 Augustum.
1043 2375 1347 2437 Amplissimos
1381 2373 1560 2418 ordines
1582 2409 1593 2427 ,
1634 2383 1674 2415 et

270 2467 507 2511 exhaustos
536 2462 652 2508 caede
676 2462 820 2516 varia,
851 2469 893 2504 et
921 2458 1248 2502 contaminatos
1277 2456 1413 2499 veteri
1444 2452 1672 2515 negligen-

271 2549 357 2602 tia,
390 2545 621 2608 purgavit,
663 2540 1001 2602 supplevitque,
1032 2554 1213 2582 recenso
1235 2545 1389 2580 senatu
1419 2545 1461 2578 et
1502 2535 1674 2594 equit03

271 2627 503 2674 summotis
541 2623 879 2685 indignissimis,
911 2631 954 2664 et
989 2619 1302 2663 honestissimo
1337 2632 1515 2676 quoquc
1553 2613 1674 2658 Itali-

272 2727 424 2753 corum
449 2725 497 2752 ac
521 2702 859 2767 provincialium
882 2701 1051 2745 allecto.
1082 2705 1246 2759 Atque,
1275 2698 1336 2741 uti
1362 2707 1516 2741 notum
1543 2706 1674 2750 esset,
