1971 3342
329 240 338 261 1
353 239 371 260 2
871 226 908 259 C.
940 225 1152 261 SUETONI
1162 226 1174 258 Ι

324 312 547 356 mentione
588 311 712 355 facta.
753 310 857 366 Quo
892 309 1132 353 faciliorem
1169 326 1446 353 occasionem
1473 312 1535 353 Μ.
1571 310 1716 356 Salvio

324 394 492 438 Othoni
525 393 709 454 praebuit
739 390 994 453 perficiendi
1025 401 1202 446 conata,
1233 392 1346 434 intra
1378 401 1547 435 sextum
1581 391 1718 454 adop-

323 476 455 519 tionis
486 472 614 518 di'em.

387 558 552 601 XVIII.
580 557 744 617 Magna
768 565 810 599 et
831 554 1003 599 assidua
1032 565 1228 599 monstra
1260 556 1353 614 jam
1381 554 1482 598 inde
1507 571 1530 598 a
1556 555 1722 615 princi·

323 639 396 698 pio
425 638 592 681 exitum
625 638 684 692 ci,
717 635 857 697 qualis
889 637 1057 691 evenit,
1086 636 1412 698 portenderant.
1454 636 1609 693 Quum
1644 653 1722 697 per

324 736 454 763 omne
484 719 566 762 iter
601 718 752 772 dextra
791 719 1055 778 sinistraque
1087 717 1334 778 oppidatim
1370 717 1557 761 victimae
1589 716 1724 761 caede-

324 812 494 857 rentur,
518 811 695 858 taurus,
723 801 885 844 securis
915 801 1004 843 ictu
1033 809 1363 856 consternatus,
1390 809 1522 860 rupto
1544 798 1724 843 vinculo

323 882 523 927 essedum
564 883 656 944 ejus
692 883 876 938 invasit,
909 880 1119 941 elatisque
1157 880 1342 941 pedibus
1381 890 1524 924 totum
1566 898 1725 925 cruore

325 963 546 1026 perfudit3
592 981 641 1008 ac
682 962 1022 1007 descendentem
1064 960 1315 1022 speculator
1354 961 1544 1023 impulsu
1587 963 1726 1006 turbae

323 1045 476 1089 lancea
503 1062 640 1106 prope
670 1043 934 1088 vulneravit.
961 1044 1133 1088 Urbem
1160 1060 1364 1103 quoque,
1394 1053 1437 1086 et
1468 1042 1627 1088 deinde
1654 1061 1726 1104 pa-

323 1126 479 1171 latium
512 1127 760 1187 ingressum
785 1126 959 1186 excepit
984 1134 1110 1168 tcrrae
1134 1134 1315 1180 tremor,
1341 1134 1383 1167 et
1400 1124 1602 1168 assimilis
1632 1127 1726 1185 qui-

325 1208 425 1251 dam
457 1207 646 1269 mugitui
674 1223 821 1250 sonus.
851 1208 1008 1251 Secuta
1034 1216 1137 1249 sunt
1167 1204 1395 1266 aliquanto
1430 1205 1728 1250 manifestiora

326 1300 369 1334 et
402 1290 611 1333 tristiora.
644 1287 838 1344 Monile,
867 1287 1116 1348 margaritis
1150 1288 1423 1348 gemmisque
1450 1297 1726 1342 consertum,

327 1371 382 1416 ad
400 1370 645 1415 ornandam
666 1373 909 1414 Fortunam
930 1385 1054 1412 suam
1077 1368 1377 1423 tusculanam,
1405 1385 1458 1412 ex
1477 1370 1598 1412 omni
1624 1386 1729 1430 gaza

327 1462 573 1497 secreverat
598 1469 606 1496 :
636 1451 679 1495 id
710 1460 919 1512 repente,
950 1450 1073 1511 quasi
1107 1451 1362 1511 augustiore
1397 1449 1573 1510 dignius
1603 1448 1727 1506 loco,

325 1533 590 1595 Capitolinae
615 1533 778 1577 Veneri
803 1531 1023 1575 dedicavit
1049 1549 1058 1574 ε
1082 1548 1132 1574 ac
1160 1532 1360 1592 proxima
1385 1541 1514 1574 nocte
1540 1532 1729 1574 somnia-

326 1617 389 1659 vit
417 1616 605 1677 speciem
634 1617 839 1658 Fortunae
875 1613 1125 1673 querentis,
1153 1611 1398 1656 fraudatam
1433 1629 1476 1656 se
1509 1612 1626 1656 dono
1654 1612 1728 1656 de-

328 1697 512 1752 stinato,
540 1696 862 1756 minantisque,
882 1703 1134 1755 erepturam
1158 1703 1200 1736 et
1216 1694 1376 1753 ipsam,
1404 1709 1499 1753 quae
1522 1692 1726 1737 dedisset.

325 1780 570 1838 Quumque
588 1777 843 1833 exterritus,
860 1775 956 1819 luce
972 1776 1115 1837 prima
1131 1774 1184 1818 ad
1201 1773 1470 1836 expiandum
1487 1776 1705 1819 somnium
1719 1811 1728 1827 ,

328 1860 591 1921 praemissis,
639 1859 714 1919 qui
764 1875 853 1901 rem
903 1857 1097 1900 divinam
1149 1866 1446 1918 appararent,
1485 1856 1727 1900 Tusculum

327 1943 674 1999 excucurrisset,
706 1940 816 1984 nihil
852 1941 1018 1984 invenit
1051 1949 1208 2001 praeter
1245 1938 1439 1999 tepidam
1475 1939 1519 1982 in
1551 1956 1626 1983 ara
1668 1939 1730 1984 fa-

329 2023 504 2080 villam,
536 2033 818 2083 atratumque
844 2022 968 2082 juxta
1004 2037 1151 2064 senem
1188 2021 1232 2063 in
1270 2021 1416 2063 catino
1450 2021 1590 2064 vitreo
1628 2021 1729 2065 thus

330 2115 583 2160 tenentem,
611 2115 652 2148 et
682 2106 725 2147 in
751 2103 884 2147 calice
909 2101 1029 2146 fictili
1058 2119 1241 2145 merum.
1272 2101 1570 2146 Observatum
1598 2103 1728 2147 etiam

328 2197 421 2244 est,
457 2185 656 2230 kalendis
698 2185 913 2246 januariis
949 2183 1212 2228 sacrificanti
1251 2200 1462 2227 coronam
1498 2183 1551 2227 de
1587 2185 1730 2245 capite

328 2267 565 2324 excidisse,
602 2267 848 2328 auspicanti
887 2264 1031 2327 pullos
1067 2263 1264 2309 avolasse
1296 2282 1305 2308 z
1339 2264 1591 2326 adoptionis
1628 2265 1728 2321 die,

330 2365 474 2410 neque
496 2347 656 2392 milites
680 2346 929 2392 allocuturo
955 2355 1223 2390 castrensem
1246 2343 1395 2390 sellam
1425 2345 1478 2391 de
1502 2364 1624 2391 more
1652 2363 1728 2408 po-

332 2432 459 2475 sitam
483 2447 564 2491 pro
590 2428 828 2486 tribunali,
849 2427 995 2472 oblitis
1020 2428 1258 2484 ministris,
1283 2438 1326 2471 et
1348 2429 1392 2471 in
1419 2437 1574 2473 senatu
1599 2444 1730 2472 curu-

328 2510 413 2555 lem
444 2528 644 2572 perverse
671 2510 942 2556 collocatam⁸

396 2594 517 2636 XIX.
557 2594 685 2637 Prius
725 2610 856 2648 vero,
899 2611 1029 2654 quam
1077 2594 1373 2650 occideretur,
1410 2592 1728 2637 sacrificantem

331 2689 454 2715 mane
485 2673 703 2735 haruspex
734 2673 973 2718 identidem
1009 2677 1205 2732 monuit,
1236 2684 1408 2718 caveret
1435 2671 1680 2736 periculum
1720 2689 1726 2715 :
