1988 3439
846 255 990 289 NERO.
1522 268 1590 305 24¹

306 335 422 377 XIII.
455 337 554 379 Non
588 337 799 379 immerito
829 337 943 380 inter
978 339 1218 398 spectacula
1252 343 1303 385 ab
1332 359 1380 388 eo
1411 345 1525 392 edita
1554 359 1594 392 et

239 413 440 458 Tiridatis
471 416 513 458 in
541 416 702 458 Urbem
726 416 951 460 introitum
971 418 1207 464 retulerim.
1225 422 1364 478 Quem
1380 427 1593 472 Armeniae

239 508 409 554 regem,
435 497 598 556 magnis
624 494 1007 555 pollicitationibus
1034 499 1329 559 sollicitatum,
1359 521 1492 564 quum
1523 507 1592 553 de-

239 573 396 618 stinato
413 592 488 635 per
508 575 695 619 edictum
718 577 786 620 die
812 588 1062 624 ostensurus
1087 582 1251 643 populo
1272 596 1448 646 propter
1474 591 1593 633 nubi-

239 650 328 695 lum
364 653 620 711 distulisset,
647 656 877 716 produxit⁷
903 676 991 719 quo
1023 664 1387 722 opportunissime
1422 670 1592 727 potuit,

239 730 452 792 dispositis
473 734 588 777 circa
620 737 720 779 Fori
749 737 909 799 templa
942 742 1116 784 armatis
1152 743 1425 802 cohortibus,
1456 748 1593 793 curuli

238 811 426 855 residens
458 813 574 873 apud
607 817 763 859 Rostra
791 818 1098 879 triumphantis
1124 822 1273 867 habitu
1290 858 1301 880 ‚
1327 826 1439 870 inter
1473 829 1594 889 signa

237 890 437 936 militaria
463 903 590 954 atque
614 895 851 942 vexillazet
877 901 1018 960 primo
1039 918 1117 962 per
1142 902 1349 948 devexum
1377 906 1591 968 pulpitum

235 970 486 1016 subeuntem
537 974 710 1020 admisit
755 977 808 1021 ad
863 995 1026 1040 genua,
1077 982 1393 1046 allevatumque
1447 987 1594 1032 dextra

235 1051 507 1097 exosculatus
533 1064 623 1110 est;
647 1055 745 1100 dein
775 1062 993 1118 precanti,
1022 1063 1133 1106 tiara
1165 1064 1373 1123 deducta,
1397 1066 1594 1112 diadema

234 1130 464 1190 imposuit,
511 1134 642 1178 verba
689 1137 893 1197 supplicis
939 1140 1219 1201 interpretata
1263 1149 1464 1204 praetorio
1501 1148 1594 1191 viro

236 1208 503 1254 multitudini
526 1217 856 1273 pronunciante.
873 1219 1137 1264 Perductum
1166 1222 1264 1266 inde
1285 1224 1327 1266 in
1354 1225 1593 1282 theatrum,

234 1304 283 1332 ac
311 1305 458 1333 rursus
482 1292 824 1353 supplicantem,
847 1298 966 1356 juxta
1002 1317 1045 1342 se
1078 1299 1208 1344 latere
1233 1302 1382 1348 dextro
1409 1305 1590 1350 colloca-

234 1367 309 1411 vit.
326 1369 395 1412 Ob
416 1386 510 1429 quae
529 1372 763 1432 imperator
777 1376 1089 1435 consalutatus,
1107 1379 1250 1425 laurea
1269 1384 1312 1426 in
1329 1385 1592 1446 Capitolium

234 1446 331 1491 lata.
365 1450 520 1492 Janum
559 1453 776 1511 geminum
813 1454 993 1514 clausit,
1023 1468 1227 1519 tanquam
1264 1462 1385 1507 nullo
1418 1465 1592 1509 residuo

232 1525 358 1571 bello.

295 1608 413 1651 XIV.
433 1610 692 1656 Consulatus
718 1625 905 1673 quatuor
932 1619 1060 1677 gessit
1080 1637 1088 1662 :
1111 1622 1300 1680 primum
1326 1624 1596 1679 bimestrem,

233 1687 468 1732 secundum
494 1701 536 1733 et
565 1694 844 1738 novissimum
873 1708 1121 1754 semestres,
1150 1703 1325 1746 tertium
1350 1704 1597 1763 quadrime-

235 1774 363 1809 strem
393 1769 588 1815 :medios
623 1771 730 1816 duos
756 1776 1052 1834 continuavit;
1088 1779 1275 1840 reliquos
1308 1783 1418 1828 inter
1453 1801 1595 1830 annua

234 1847 372 1905 spatia
395 1848 585 1893 variavit.

297 1929 393 1970 XV.
421 1931 469 1972 In
489 1931 788 1989 jurisdictione
811 1938 1173 1996 postulatoribus,
1192 1944 1272 1986 nisi
1289 1947 1483 2004 sequenti
1506 1946 1595 2001 die,

234 2021 283 2049 ac
298 2022 375 2066 per
390 2006 571 2066 libellos,
588 2028 673 2055 non
694 2022 849 2058 temere
864 2018 1100 2077 respondit.
1115 2022 1415 2082 Cognoscendi
1431 2041 1592 2068 moreni

235 2101 334 2128 eum
358 2089 521 2145 tenuit,
546 2100 615 2147 ut,
636 2094 854 2137 continuis
880 2098 1123 2142 actionibus
1143 2102 1331 2156 omissis,
1347 2103 1594 2163 singillatim

235 2181 415 2225 quaeque
432 2185 508 2228 per
529 2171 639 2214 vices
658 2184 814 2233 ageret.
828 2177 1010 2231 Quoties
1031 2187 1175 2221 autem
1193 2179 1246 2223 ad
1263 2180 1593 2226 consultandum

237 2244 479 2303 secederet,
509 2265 648 2310 neque
672 2252 713 2294 in
739 2269 969 2298 commune
993 2258 1244 2317 quicquam,
1268 2277 1406 2320 neque
1440 2279 1596 2322 propa-

237 2323 322 2367 lam
338 2325 624 2385 (lcliberabat;
647 2331 720 2374 scd
737 2335 1001 2394 conscriptas
1015 2337 1067 2379 ab
1087 2354 1349 2398 unoquoque
1364 2343 1596 2385 sententias

237 2405 394 2449 tacitus
440 2423 488 2451 ac
516 2420 680 2453 secreto
719 2411 887 2473 legens,
915 2414 1031 2474 quod
1073 2417 1150 2459 sibi
1178 2417 1394 2474 libuisset,
1420 2421 1596 2480 perinde

238 2494 366 2545 atque
390 2485 583 2546 pluribus
610 2490 721 2534 idem
747 2492 976 2550 videretur,
999 2498 1323 2554 pronunciabat.
1344 2501 1393 2542 In
1417 2501 1593 2543 Curiam

240 2562 541 2610 libertinorum
563 2567 671 2613 filios
692 2570 765 2615 diu
792 2590 876 2617 non
899 2574 1069 2618 admisit
1093 2593 1100 2618 :
1123 2577 1316 2621 admissis
1339 2596 1362 2621 a
1381 2580 1594 2638 prioribus

239 2645 508 2705 principibus
545 2648 727 2694 bonores
764 2652 1006 2714 denegavit.
1035 2657 1324 2714 Candidatos,
1362 2659 1434 2717 qui
1467 2675 1594 2719 supra

395 2744 419 2771 ι.
1355 2737 1408 2781 16
