1988 3439
582 283 828 320 OCTAVIUS
849 283 1116 319 AUGUSTUS.
1489 298 1508 330 7
1520 296 1533 320 i*

165 365 379 411 bellorum
419 366 610 411 civilium
649 366 935 423 duraverant,
978 375 1054 410 aut
1102 381 1179 426 per
1219 382 1369 426 pacem
1407 369 1539 413 etiam

165 449 432 493 exstiterant.
457 449 571 493 Nam
591 457 633 491 et
657 456 951 509 grassatorum
977 446 1157 508 plurimi
1185 446 1330 507 palam
1363 465 1406 492 se
1434 449 1540 493 sere-

167 529 272 574 bant
297 530 504 573 succincti
543 527 685 586 ferro,
723 529 845 589 quasi
875 527 1024 571 tuendi
1059 528 1125 571 sui
1158 543 1287 571 causa
1315 538 1391 571 :et
1423 530 1537 591 rapti

166 626 244 671 per
271 626 397 671 agros
431 608 620 652 viatores
647 609 739 653 sinc
763 608 1032 665 discrimine,
1064 607 1190 653 liberi
1224 609 1444 669 servique,
1475 626 1542 653 er-

167 688 345 750 gastulis
372 705 666 751 possessorum
696 688 1083 750 supprimebantur
1111 705 1120 732 :
1153 698 1195 734 et
1222 687 1423 750 plurimae
1450 688 1539 734 fac-

169 771 332 826 tiones,
360 768 488 814 titulo
514 768 685 832 collegii
712 770 833 826 novi,
864 768 918 813 ad
943 769 1105 814 nullius
1130 786 1218 814 non
1243 769 1447 814 facinoris
1473 787 1542 815 so-

167 851 363 895 cietatem
390 851 578 895 coibant.
612 852 753 913 Igitur
785 860 1072 912 grassatores,
1105 850 1324 912 dispositis
1352 867 1430 912 per
1463 867 1542 912 op-

170 940 359 991 portuna
383 930 476 976 loca
502 931 761 976 stationibus
786 931 979 976 inhibuit
1002 948 1011 975 :
1031 930 1251 992 ergastula
1268 932 1542 993 recognovit:

169 1011 370 1073 collegia,
397 1023 553 1074 praeter
576 1013 757 1073 antiqua
785 1022 827 1056 et
859 1011 1072 1074 legitima,
1114 1011 1323 1056 dissolvit.
1358 1010 1545 1056 Tabulas

167 1102 361 1137 veterum
389 1095 527 1138 aerarii
555 1093 823 1151 debitorum,
849 1092 916 1137 vel
950 1094 1216 1155 praecipuam
1247 1091 1545 1136 calumniandi

168 1175 416 1232 materiam,
443 1175 618 1218 exussit.
647 1176 763 1218 Loca
790 1174 833 1217 in
860 1174 986 1218 Urbe
1015 1173 1188 1234 publica
1209 1174 1319 1233 juris
1350 1172 1545 1234 ambigui

171 1255 491 1313 possessoribus
522 1253 801 1314 adjudicavit.
841 1254 1168 1298 Diuturnorum
1199 1269 1396 1309 reorum,
1421 1262 1463 1295 et
1493 1269 1544 1296 ex

170 1350 357 1393 quorum
393 1334 593 1378 sordibus
629 1332 736 1376 nihil
779 1332 896 1376 aliud
935 1350 1066 1393 quam
1110 1332 1314 1394 voluptas
1361 1332 1547 1376 inimicis

169 1423 456 1474 quaereretur,
483 1413 660 1457 nomina
683 1411 895 1470 abolevit,
922 1413 1173 1457 conditione
1201 1414 1447 1473 proposita,
1474 1422 1548 1469 ut,

171 1495 204 1538 si
234 1511 363 1555 quem
393 1495 490 1555 quis
518 1503 713 1555 repetere
747 1492 902 1549 vellet,
929 1510 1007 1554 par
1032 1491 1275 1554 periculum
1303 1509 1440 1553 poenae
1473 1509 1546 1536 su-

170 1575 294 1619 biret.
311 1576 377 1620 Ne
399 1574 517 1635 quod
533 1584 679 1619 autem
702 1573 964 1618 maleficium
986 1574 1265 1635 negotiumve
1288 1573 1550 1634 impunitate

170 1654 238 1700 vel
268 1672 391 1699 mora
425 1655 690 1712 elaberetur,
723 1655 902 1717 triginta
933 1653 1122 1715 amplius
1156 1653 1264 1712 dies,
1301 1654 1375 1714 qui
1413 1653 1553 1697 hono-

172 1737 295 1779 rariis
315 1735 427 1780 ludis
441 1737 786 1798 occupabantur,
804 1736 921 1780 actui
941 1752 1090 1779 rerum
1103 1733 1464 1779 accommodavit.
1480 1733 1548 1778 Ad

173 1826 259 1860 tres
279 1816 477 1876 judicum
499 1816 695 1861 decurias
712 1827 913 1877 quartam
931 1815 1098 1860 addidit
1113 1832 1163 1859 ex
1178 1814 1382 1858 inferiore
1401 1830 1552 1871 censu,

173 1913 268 1956 quae
303 1896 639 1941 ducenariorum
669 1907 920 1953 vocaretur3
953 1896 1258 1958 judicaretque
1294 1895 1347 1939 dc
1384 1893 1554 1939 leviori-

173 1977 254 2022 bus
279 1978 473 2021 summis.
498 1980 552 2021 Ju
575 1978 671 2021 tices
697 1994 721 2021 a
748 1978 970 2021 tricesimo
998 1978 1134 2020 aetatis
1159 1993 1276 2020 anno
1308 1975 1476 2037 allegit,
1509 1974 1553 2018 id

173 2068 255 2113 est,
281 2058 584 2119 quinquennio
613 2058 828 2101 maturius
853 2074 984 2118 quam
1009 2056 1218 2100 solebant.
1247 2059 1309 2101 Ac
1335 2055 1554 2117 plerisque

171 2138 396 2199 judicandi
436 2155 595 2183 munus
624 2137 994 2194 detrectantibus,
1022 2137 1093 2180 vix
1123 2136 1351 2193 concessit,
1382 2145 1431 2179 ut
1460 2137 1547 2179 sin-

176 2217 286 2279 gulis
313 2218 500 2262 decuriis
523 2235 600 2280 per
623 2219 739 2262 vices
765 2235 909 2262 annua
932 2218 1101 2261 vacatio
1116 2226 1247 2275 esset,
1273 2227 1317 2261 et
1342 2226 1391 2260 ut
1417 2215 1554 2260 solitae

176 2299 245 2360 agi
272 2299 500 2342 novembri
525 2316 575 2341 ac
602 2298 820 2341 decembri
847 2315 993 2342 mense
1017 2315 1085 2342 res
1113 2299 1435 2342 omitterentur.

241 2364 450 2423 XXXlIl.
476 2380 572 2439 Ipse
594 2378 664 2438 jus
683 2378 791 2421 dixit
808 2378 998 2435 assidue,
1022 2389 1063 2423 et
1085 2379 1128 2423 in
1154 2389 1326 2424 noctem
1353 2395 1557 2422 nonnun-

177 2477 338 2521 quam3
366 2460 400 2504 si
434 2475 588 2521 parum
616 2474 798 2519 corpore
835 2457 1019 2513 valeret,
1046 2457 1197 2504 lectica
1232 2477 1313 2521 pro
1344 2458 1554 2504 tribunali

179 2539 409 2594 collocata,
448 2538 514 2582 vel
542 2540 670 2583 ctiam
705 2538 821 2582 domi
849 2539 1025 2584 cubans.
1057 2539 1179 2582 Dixit
1199 2549 1344 2582 autem
1369 2539 1439 2599 jus
1466 2556 1554 2582 non

179 2621 402 2682 diligentia
421 2619 551 2663 modo
572 2637 758 2678 summa,
784 2620 856 2664 sed
881 2630 922 2664 et
946 2610 1124 2663 lenitate
1145 2636 1153 2662 :
1180 2619 1393 2679 siquidem
1419 2620 1555 2662 mani-

187 2702 280 2752 scsti
310 2700 530 2762 parricidii
572 2718 716 2757 reum,
752 2719 803 2746 nc
842 2700 966 2745 culeo
1008 2702 1274 2756 iustu-retur,
1310 2699 1431 2760 quod
1468 2716 1555 2743 non
