1971 3342
427 250 471 289 74
957 245 994 280 C.
1022 245 1249 280 SUETONII

486 328 708 371 XXXVII.
736 327 923 387 Quoque
946 326 1090 387 plures
1116 337 1283 387 partem
1316 326 1665 371 administrandae
1690 328 1772 371 rei-

424 405 603 466 publicae
626 416 827 466 caperent
843 441 854 461 ,
878 423 990 450 nova
1016 405 1157 450 officia
1183 407 1440 466 excogitavit
1471 423 1479 449 :
1507 422 1654 450 curam
1677 423 1776 467 ope-

423 501 520 529 rum
546 485 846 545 publicorum,
862 485 1028 528 viarum
1044 519 1055 541 ,
1081 494 1317 544 aquarum,
1340 484 1448 528 alvei
1475 485 1661 541 Tiberis,
1684 485 1776 529 fru-

423 567 555 610 menti
585 564 748 625 populo
774 563 1024 619 dividundi‚
1044 564 1341 624 praefecturam
1358 565 1507 620 Urbis,
1528 564 1778 608 triumvira-

422 657 516 689 tum
545 645 715 706 legendi
739 653 929 701 senatus,
958 653 1000 687 et
1033 643 1217 687 alterum
1245 644 1583 705 recognoscendi
1613 653 1779 687 turmas

422 726 637 785 equitum,
661 724 1005 783 quotiescunque
1021 712 1130 783 opus
1154 733 1275 767 esset.
1299 726 1535 780 Censores,
1555 723 1690 766 creari
1711 722 1778 766 de-

423 807 545 861 sitos,
598 803 726 865 longo
772 802 997 847 intervallo
1042 803 1204 846 creavit
1229 819 1237 845 :
1266 819 1497 846 numerum
1544 811 1778 863 praetorum

422 886 553 928 auxit.
583 884 737 944 Exegit
766 884 895 926 etiam
923 892 970 925 ut
998 882 1165 942 quoties
1191 881 1439 925 consulatus
1469 882 1548 925 sibi
1576 881 1779 938 daretur,

422 965 545 1007 binos
575 980 654 1023 pro
681 961 860 1022 singulis
884 960 1067 1021 collegas
1090 961 1267 1004 haberet
1284 978 1293 1004 ε
1312 978 1390 1004 nec
1413 961 1621 1017 obtinuit,
1645 959 1779 1004 recla-

424 1044 642 1087 mantibus
666 1042 850 1096 cunctis,
880 1041 978 1084 satis
1007 1041 1273 1100 majestatem
1301 1041 1393 1100 ejus
1420 1041 1637 1096 imminui,
1662 1038 1779 1099 quod

423 1123 632 1165 honorem
658 1138 756 1164 eum
781 1138 869 1164 non
890 1119 1025 1175 solus,
1055 1119 1128 1162 sed
1156 1136 1255 1163 cum
1284 1119 1440 1174 altero,
1462 1129 1642 1179 gereret.

490 1202 743 1245 XXXVIII.
772 1201 863 1243 Nec
888 1199 1059 1259 parcior
1085 1199 1129 1240 in
1149 1196 1302 1241 bellica
1327 1199 1485 1241 virtute
1508 1198 1781 1255 honoranda,

424 1298 552 1342 super
594 1280 772 1340 triginta
817 1277 998 1322 ducibus
1023 1279 1163 1338 justos
1200 1278 1469 1337 triumphos,
1492 1287 1535 1321 et
1558 1276 1780 1338 aliquanto

425 1361 622 1421 pluribus
664 1356 942 1417 triumphalia
998 1366 1251 1400 ornamenta
1286 1355 1555 1400 decernenda
1600 1358 1780 1401 curavit.

427 1439 592 1483 Liberis
614 1446 862 1480 senatorum
878 1470 889 1491 ,
910 1451 995 1494 quo
1012 1434 1191 1479 celerius
1217 1433 1458 1495 reipublicae
1476 1446 1780 1493 assuescerent,

430 1519 627 1578 protinus
651 1515 818 1558 virilem
845 1525 1009 1575 togam,
1035 1514 1171 1557 latum
1208 1513 1377 1557 clavum
1404 1513 1606 1566 induere,
1635 1524 1676 1558 et
1709 1531 1782 1558 cu-

428 1599 497 1640 riae
523 1598 721 1639 interesse
763 1594 980 1654 permisit,
1012 1592 1295 1652 militiamque
1334 1593 1657 1652 auspicantibus
1692 1610 1779 1636 non

430 1677 699 1720 tribunatum
727 1674 854 1717 modo
880 1672 1099 1733 legionum
1116 1706 1126 1726 ,
1152 1672 1223 1715 sed
1256 1681 1295 1715 et
1320 1672 1592 1732 praefecturas
1616 1671 1780 1715 alarum

430 1755 635 1798 deditzac
660 1770 713 1798 ne
741 1753 835 1812 quis
861 1768 1011 1811 expers
1030 1761 1270 1794 castrorum
1297 1760 1429 1805 esset,
1450 1751 1574 1794 binos
1595 1750 1782 1811 plerum-

429 1852 510 1895 que
534 1832 771 1876 laticlavios
798 1830 1031 1891 praeposuit
1055 1829 1232 1890 singulis
1263 1828 1352 1872 alis.
1380 1830 1583 1889 Equitum
1616 1839 1782 1873 turmas

430 1915 674 1972 frequenter
696 1910 966 1970 recognovit,
994 1918 1089 1968 post
1115 1908 1287 1968 longam
1318 1908 1680 1967 intercapedinem
1712 1925 1781 1951 re-

430 1993 560 2034 ducto
580 2006 697 2033 more
713 1989 1052 2032 transvectionis.
1076 1986 1159 2030 Sed
1182 2002 1321 2045 neque
1335 1986 1502 2028 detrahi
1518 2003 1779 2046 quemquam

431 2072 471 2114 in
497 2066 813 2112 transvehendo
837 2067 888 2108 ab
912 2075 1158 2108 accusatore
1182 2081 1332 2125 passus
1353 2074 1437 2120 est,
1459 2065 1576 2124 quod
1600 2065 1691 2109 fieri
1711 2083 1780 2109 so-

432 2149 563 2201 lebat3
587 2157 629 2189 et
656 2146 772 2188 senio
800 2144 862 2187 vel
898 2143 1040 2202 aliqua
1070 2145 1261 2203 corporis
1293 2142 1385 2186 labe
1423 2143 1661 2203 insignibus
1688 2162 1781 2205 per-

433 2227 568 2281 misit,
611 2224 828 2285 prfemisso
870 2223 914 2265 in
957 2222 1107 2265 ordine
1141 2239 1276 2281 equo,
1313 2222 1367 2264 ad
1409 2223 1778 2282 respondendum,

433 2306 601 2364 quoties
627 2305 883 2357 citarentur,
910 2301 1088 2361 pedibus
1115 2302 1258 2344 venire
1284 2318 1293 2343 ε
1324 2317 1422 2344 mox
1447 2301 1656 2344 reddendi
1681 2303 1778 2362 equi

433 2385 613 2443 gratiam
640 2382 738 2424 fecit
765 2381 848 2435 cis,
875 2381 947 2439 qui
975 2381 1155 2439 majores
1183 2396 1397 2423 annorum
1424 2381 1614 2439 quinque
1635 2390 1677 2423 ct
1701 2381 1778 2423 tri-

433 2464 552 2521 ginta
577 2461 760 2503 retinere
783 2475 882 2502 eum
910 2457 1084 2501 nollent.
1147 2478 1151 2481 ·

497 2541 699 2583 XXXIX.
729 2539 1058 2597 Impetratisque
1082 2553 1102 2579 a
1133 2547 1280 2579 senatu
1308 2537 1454 2581 decem
1482 2538 1774 2597 adjutoribus,

439 2634 784 2674 unumquemque
808 2616 1000 2673 equitum
1037 2616 1242 2657 rationem
1272 2616 1364 2658 vitae
1395 2616 1570 2659 reddere
1601 2619 1740 2677 coegit
1766 2637 1773 2662 :
