<?xml version="1.0" encoding="UTF-8"?>
<!DOCTYPE html PUBLIC "-//W3C//DTD XHTML 1.0 Transitional//EN"
    "http://www.w3.org/TR/xhtml1/DTD/xhtml1-transitional.dtd">
<html xmlns="http://www.w3.org/1999/xhtml" xml:lang="en" lang="en">
 <head>
  <title>
</title>
<meta http-equiv="Content-Type" content="text/html;charset=utf-8" />
  <meta name='ocr-system' content='tesseract 3.04.00' />
  <meta name='ocr-capabilities' content='ocr_page ocr_carea ocr_par ocr_line ocrx_word'/>
</head>
<body>
  <div class='ocr_page' id='page_1' title='image "./operagro00suetuoft_0312.png"; bbox 0 0 1971 3342; ppageno 0'>
   <div class='ocr_carea' id='block_1_1' title="bbox 378 220 1223 258">
    <p class='ocr_par' dir='ltr' id='par_1_1' title="bbox 378 220 1223 258">
     <span class='ocr_line' id='line_1_1' title="bbox 378 220 1223 258; baseline -0.001 -1"><span class='ocrx_word' id='word_1_1' title='bbox 378 236 396 257; x_wconf 80' lang='lat'><strong>2</strong></span> <span class='ocrx_word' id='word_1_2' title='bbox 910 221 948 257; x_wconf 92' lang='lat' dir='ltr'><strong>C.</strong></span> <span class='ocrx_word' id='word_1_3' title='bbox 983 220 1223 258; x_wconf 81' lang='lat' dir='ltr'><strong>SUETONII</strong></span> 
     </span>
    </p>
   </div>
   <div class='ocr_carea' id='block_1_2' title="bbox 375 304 1767 2621">
    <p class='ocr_par' dir='ltr' id='par_1_2' title="bbox 375 304 1762 528">
     <span class='ocr_line' id='line_1_2' title="bbox 380 304 1755 367; baseline -0.001 -18"><span class='ocrx_word' id='word_1_4' title='bbox 380 307 615 367; x_wconf 87' lang='lat' dir='ltr'><strong>imperator</strong></span> <span class='ocrx_word' id='word_1_5' title='bbox 655 321 755 349; x_wconf 86' lang='lat' dir='ltr'><strong>vero</strong></span> <span class='ocrx_word' id='word_1_6' title='bbox 798 306 927 349; x_wconf 85' lang='lat' dir='ltr'><strong>etiam</strong></span> <span class='ocrx_word' id='word_1_7' title='bbox 976 316 1156 350; x_wconf 79' lang='lat' dir='ltr'>stemma</span> <span class='ocrx_word' id='word_1_8' title='bbox 1206 307 1249 349; x_wconf 89' lang='lat' dir='ltr'><strong>in</strong></span> <span class='ocrx_word' id='word_1_9' title='bbox 1296 306 1407 348; x_wconf 86' lang='lat' dir='ltr'><strong>atrio</strong></span> <span class='ocrx_word' id='word_1_10' title='bbox 1456 304 1755 365; x_wconf 76' lang='lat' dir='ltr'><strong>proposuerit,</strong></span> 
     </span>
     <span class='ocr_line' id='line_1_3' title="bbox 377 384 1762 448; baseline -0.002 -18"><span class='ocrx_word' id='word_1_11' title='bbox 377 404 465 447; x_wconf 89' lang='lat' dir='ltr'><strong>quo</strong></span> <span class='ocrx_word' id='word_1_12' title='bbox 495 396 719 448; x_wconf 87' lang='lat' dir='ltr'><strong>paternam</strong></span> <span class='ocrx_word' id='word_1_13' title='bbox 753 387 967 448; x_wconf 73' lang='lat' dir='ltr'>originem</span> <span class='ocrx_word' id='word_1_14' title='bbox 997 386 1050 430; x_wconf 89' lang='lat' dir='ltr'><strong>ad</strong></span> <span class='ocrx_word' id='word_1_15' title='bbox 1082 389 1261 443; x_wconf 83' lang='lat' dir='ltr'><strong>Jovem,</strong></span> <span class='ocrx_word' id='word_1_16' title='bbox 1291 395 1534 429; x_wconf 80' lang='lat' dir='ltr'>maternam</span> <span class='ocrx_word' id='word_1_17' title='bbox 1562 384 1615 428; x_wconf 91' lang='lat' dir='ltr'><strong>ad</strong></span> <span class='ocrx_word' id='word_1_18' title='bbox 1646 386 1762 429; x_wconf 90' lang='lat' dir='ltr'><strong>Pasi-</strong></span> 
     </span>
     <span class='ocr_line' id='line_1_4' title="bbox 375 465 1137 528; baseline 0 -17"><span class='ocrx_word' id='word_1_19' title='bbox 375 467 518 528; x_wconf 83' lang='lat' dir='ltr'><strong>phaen</strong></span> <span class='ocrx_word' id='word_1_20' title='bbox 548 468 712 512; x_wconf 85' lang='lat' dir='ltr'><strong>Minois</strong></span> <span class='ocrx_word' id='word_1_21' title='bbox 745 483 923 511; x_wconf 89' lang='lat' dir='ltr'><strong>uxorem</strong></span> <span class='ocrx_word' id='word_1_22' title='bbox 947 465 1137 511; x_wconf 75' lang='lat' dir='ltr'><strong>referret.</strong></span> 
     </span>
    </p>

    <p class='ocr_par' dir='ltr' id='par_1_3' title="bbox 377 545 1767 2621">
     <span class='ocr_line' id='line_1_5' title="bbox 444 545 1762 610; baseline -0.002 -18"><span class='ocrx_word' id='word_1_23' title='bbox 444 551 524 594; x_wconf 85' lang='lat' dir='ltr'><strong>III.</strong></span> <span class='ocrx_word' id='word_1_24' title='bbox 558 550 775 610; x_wconf 77' lang='lat' dir='ltr'><strong>Imagines</strong></span> <span class='ocrx_word' id='word_1_25' title='bbox 801 557 843 591; x_wconf 88' lang='lat' dir='ltr'><strong>et</strong></span> <span class='ocrx_word' id='word_1_26' title='bbox 870 547 1011 609; x_wconf 86' lang='lat' dir='ltr'><strong>elogia</strong></span> <span class='ocrx_word' id='word_1_27' title='bbox 1039 548 1230 592; x_wconf 89' lang='lat' dir='ltr'><strong>universi</strong></span> <span class='ocrx_word' id='word_1_28' title='bbox 1263 547 1433 609; x_wconf 82' lang='lat' dir='ltr'><strong>generis</strong></span> <span class='ocrx_word' id='word_1_29' title='bbox 1459 546 1635 607; x_wconf 86' lang='lat' dir='ltr'><strong>exsequi</strong></span> <span class='ocrx_word' id='word_1_30' title='bbox 1665 545 1762 589; x_wconf 91' lang='lat' dir='ltr'><strong>lon·</strong></span> 
     </span>
     <span class='ocr_line' id='line_1_6' title="bbox 377 625 1763 691; baseline -0.002 -19"><span class='ocrx_word' id='word_1_31' title='bbox 377 646 482 691; x_wconf 84' lang='lat' dir='ltr'><strong>gum</strong></span> <span class='ocrx_word' id='word_1_32' title='bbox 507 638 571 672; x_wconf 87' lang='lat' dir='ltr'><strong>est</strong></span> <span class='ocrx_word' id='word_1_33' title='bbox 602 646 611 672; x_wconf 91' lang='lat'><strong>:</strong></span> <span class='ocrx_word' id='word_1_34' title='bbox 640 627 813 672; x_wconf 83' lang='lat' dir='ltr'><strong>familiae</strong></span> <span class='ocrx_word' id='word_1_35' title='bbox 843 628 1034 671; x_wconf 85' lang='lat' dir='ltr'><strong>breviter</strong></span> <span class='ocrx_word' id='word_1_36' title='bbox 1057 629 1281 689; x_wconf 81' lang='lat' dir='ltr'><strong>attingam.</strong></span> <span class='ocrx_word' id='word_1_37' title='bbox 1308 628 1397 685; x_wconf 88' lang='lat' dir='ltr'><strong>Qui</strong></span> <span class='ocrx_word' id='word_1_38' title='bbox 1427 627 1595 688; x_wconf 89' lang='lat' dir='ltr'><strong>primus</strong></span> <span class='ocrx_word' id='word_1_39' title='bbox 1622 625 1763 687; x_wconf 87' lang='lat' dir='ltr'><strong>Sulpi-</strong></span> 
     </span>
     <span class='ocr_line' id='line_1_7' title="bbox 378 706 1762 771; baseline -0.002 -18"><span class='ocrx_word' id='word_1_40' title='bbox 378 711 549 754; x_wconf 80' lang='lat' dir='ltr'><strong>ciorum</strong></span> <span class='ocrx_word' id='word_1_41' title='bbox 576 725 821 771; x_wconf 83' lang='lat' dir='ltr'><strong>cognomen</strong></span> <span class='ocrx_word' id='word_1_42' title='bbox 846 707 998 752; x_wconf 82' lang='lat' dir='ltr'><strong>Galbae</strong></span> <span class='ocrx_word' id='word_1_43' title='bbox 1020 707 1146 764; x_wconf 84' lang='lat' dir='ltr'><strong>tulit,</strong></span> <span class='ocrx_word' id='word_1_44' title='bbox 1175 725 1268 765; x_wconf 89' lang='lat' dir='ltr'><strong>cur,</strong></span> <span class='ocrx_word' id='word_1_45' title='bbox 1297 718 1373 751; x_wconf 86' lang='lat' dir='ltr'><strong>aut</strong></span> <span class='ocrx_word' id='word_1_46' title='bbox 1405 707 1522 751; x_wconf 88' lang='lat' dir='ltr'><strong>unde</strong></span> <span class='ocrx_word' id='word_1_47' title='bbox 1555 706 1762 761; x_wconf 77' lang='lat' dir='ltr'><strong>traxerit,</strong></span> 
     </span>
     <span class='ocr_line' id='line_1_8' title="bbox 377 787 1763 852; baseline -0.002 -19"><span class='ocrx_word' id='word_1_48' title='bbox 377 790 629 852; x_wconf 81' lang='lat' dir='ltr'><strong>ambigitur.</strong></span> <span class='ocrx_word' id='word_1_49' title='bbox 668 788 859 846; x_wconf 87' lang='lat' dir='ltr'><strong>Quidam</strong></span> <span class='ocrx_word' id='word_1_50' title='bbox 894 797 1078 849; x_wconf 85' lang='lat' dir='ltr'><strong>putant,</strong></span> <span class='ocrx_word' id='word_1_51' title='bbox 1113 788 1232 849; x_wconf 93' lang='lat' dir='ltr'><strong>quod</strong></span> <span class='ocrx_word' id='word_1_52' title='bbox 1267 787 1479 848; x_wconf 85' lang='lat' dir='ltr'><strong>oppidum</strong></span> <span class='ocrx_word' id='word_1_53' title='bbox 1515 787 1763 848; x_wconf 74' lang='lat' dir='ltr'><strong>Hispaniae,</strong></span> 
     </span>
     <span class='ocr_line' id='line_1_9' title="bbox 377 866 1764 930; baseline -0.003 -16"><span class='ocrx_word' id='word_1_54' title='bbox 377 870 539 914; x_wconf 88' lang='lat' dir='ltr'><strong>frustra</strong></span> <span class='ocrx_word' id='word_1_55' title='bbox 568 869 642 913; x_wconf 86' lang='lat' dir='ltr'><strong>diu</strong></span> <span class='ocrx_word' id='word_1_56' title='bbox 669 879 978 930; x_wconf 79' lang='lat' dir='ltr'><strong>oppugnatum</strong></span> <span class='ocrx_word' id='word_1_57' title='bbox 996 904 1006 924; x_wconf 87' lang='lat'><strong>,</strong></span> <span class='ocrx_word' id='word_1_58' title='bbox 1033 867 1152 912; x_wconf 89' lang='lat' dir='ltr'><strong>illitis</strong></span> <span class='ocrx_word' id='word_1_59' title='bbox 1178 867 1352 911; x_wconf 86' lang='lat' dir='ltr'><strong>demum</strong></span> <span class='ocrx_word' id='word_1_60' title='bbox 1383 866 1570 929; x_wconf 84' lang='lat' dir='ltr'><strong>galbano</strong></span> <span class='ocrx_word' id='word_1_61' title='bbox 1597 867 1764 911; x_wconf 82' lang='lat' dir='ltr'><strong>facibus</strong></span> 
     </span>
     <span class='ocr_line' id='line_1_10' title="bbox 378 948 1762 1010; baseline -0.001 -16"><span class='ocrx_word' id='word_1_62' title='bbox 378 949 656 994; x_wconf 85' lang='lat' dir='ltr'><strong>succenderit</strong></span> <span class='ocrx_word' id='word_1_63' title='bbox 682 967 690 993; x_wconf 90' lang='lat'>:</span> <span class='ocrx_word' id='word_1_64' title='bbox 714 948 811 1003; x_wconf 78' lang='lat' dir='ltr'><strong>alii,</strong></span> <span class='ocrx_word' id='word_1_65' title='bbox 842 948 960 1010; x_wconf 89' lang='lat' dir='ltr'><strong>quod</strong></span> <span class='ocrx_word' id='word_1_66' title='bbox 990 950 1033 992; x_wconf 91' lang='lat' dir='ltr'><strong>in</strong></span> <span class='ocrx_word' id='word_1_67' title='bbox 1064 949 1275 993; x_wconf 86' lang='lat' dir='ltr'><strong>diuturna</strong></span> <span class='ocrx_word' id='word_1_68' title='bbox 1305 948 1552 993; x_wconf 89' lang='lat' dir='ltr'><strong>valetudine</strong></span> <span class='ocrx_word' id='word_1_69' title='bbox 1585 948 1762 1010; x_wconf 84' lang='lat' dir='ltr'><strong>galbeo,</strong></span> 
     </span>
     <span class='ocr_line' id='line_1_11' title="bbox 377 1028 1764 1087; baseline -0.002 -13"><span class='ocrx_word' id='word_1_70' title='bbox 377 1030 419 1075; x_wconf 91' lang='lat' dir='ltr'><strong>id</strong></span> <span class='ocrx_word' id='word_1_71' title='bbox 450 1040 542 1087; x_wconf 85' lang='lat' dir='ltr'><strong>est,</strong></span> <span class='ocrx_word' id='word_1_72' title='bbox 574 1030 777 1074; x_wconf 84' lang='lat' dir='ltr'><strong>remediis</strong></span> <span class='ocrx_word' id='word_1_73' title='bbox 801 1029 899 1073; x_wconf 89' lang='lat' dir='ltr'><strong>lana</strong></span> <span class='ocrx_word' id='word_1_74' title='bbox 933 1028 1160 1083; x_wconf 82' lang='lat' dir='ltr'><strong>involutis,</strong></span> <span class='ocrx_word' id='word_1_75' title='bbox 1190 1029 1362 1073; x_wconf 85' lang='lat' dir='ltr'><strong>assidue</strong></span> <span class='ocrx_word' id='word_1_76' title='bbox 1392 1038 1623 1073; x_wconf 87' lang='lat' dir='ltr'><strong>uteretur:</strong></span> <span class='ocrx_word' id='word_1_77' title='bbox 1655 1046 1764 1072; x_wconf 89' lang='lat' dir='ltr'><strong>non-</strong></span> 
     </span>
     <span class='ocr_line' id='line_1_12' title="bbox 379 1108 1764 1171; baseline -0.002 -16"><span class='ocrx_word' id='word_1_78' title='bbox 379 1110 488 1156; x_wconf 89' lang='lat' dir='ltr'><strong>nulli</strong></span> <span class='ocrx_word' id='word_1_79' title='bbox 507 1146 517 1167; x_wconf 91' lang='lat'><strong>,</strong></span> <span class='ocrx_word' id='word_1_80' title='bbox 540 1110 659 1171; x_wconf 88' lang='lat' dir='ltr'><strong>quod</strong></span> <span class='ocrx_word' id='word_1_81' title='bbox 684 1110 952 1171; x_wconf 84' lang='lat' dir='ltr'><strong>praepinguis</strong></span> <span class='ocrx_word' id='word_1_82' title='bbox 977 1108 1106 1153; x_wconf 88' lang='lat' dir='ltr'><strong>fuerit</strong></span> <span class='ocrx_word' id='word_1_83' title='bbox 1127 1110 1241 1153; x_wconf 87' lang='lat' dir='ltr'><strong>visus</strong></span> <span class='ocrx_word' id='word_1_84' title='bbox 1256 1145 1267 1164; x_wconf 79' lang='lat'><strong>,</strong></span> <span class='ocrx_word' id='word_1_85' title='bbox 1293 1126 1423 1169; x_wconf 90' lang='lat' dir='ltr'><strong>quem</strong></span> <span class='ocrx_word' id='word_1_86' title='bbox 1443 1109 1624 1170; x_wconf 77' lang='lat' dir='ltr'><strong>galbam</strong></span> <span class='ocrx_word' id='word_1_87' title='bbox 1647 1108 1764 1153; x_wconf 89' lang='lat' dir='ltr'><strong>Galli</strong></span> 
     </span>
     <span class='ocr_line' id='line_1_13' title="bbox 379 1188 1763 1250; baseline -0.002 -15"><span class='ocrx_word' id='word_1_88' title='bbox 379 1202 564 1247; x_wconf 83' lang='lat' dir='ltr'><strong>vocent3</strong></span> <span class='ocrx_word' id='word_1_89' title='bbox 589 1190 657 1234; x_wconf 85' lang='lat' dir='ltr'><strong>vel</strong></span> <span class='ocrx_word' id='word_1_90' title='bbox 684 1200 862 1245; x_wconf 88' lang='lat' dir='ltr'><strong>contra,</strong></span> <span class='ocrx_word' id='word_1_91' title='bbox 883 1188 1003 1250; x_wconf 88' lang='lat' dir='ltr'><strong>quod</strong></span> <span class='ocrx_word' id='word_1_92' title='bbox 1030 1199 1117 1233; x_wconf 82' lang='lat' dir='ltr'><strong>tam</strong></span> <span class='ocrx_word' id='word_1_93' title='bbox 1144 1188 1291 1243; x_wconf 80' lang='lat' dir='ltr'><strong>exilis,</strong></span> <span class='ocrx_word' id='word_1_94' title='bbox 1316 1206 1449 1250; x_wconf 89' lang='lat' dir='ltr'><strong>quam</strong></span> <span class='ocrx_word' id='word_1_95' title='bbox 1472 1198 1573 1233; x_wconf 90' lang='lat' dir='ltr'><strong>sunt</strong></span> <span class='ocrx_word' id='word_1_96' title='bbox 1599 1191 1763 1233; x_wconf 91' lang='lat' dir='ltr'><strong>anima-</strong></span> 
     </span>
     <span class='ocr_line' id='line_1_14' title="bbox 378 1269 1763 1333; baseline -0.001 -17"><span class='ocrx_word' id='word_1_97' title='bbox 378 1273 461 1327; x_wconf 84' lang='lat' dir='ltr'><strong>lia,</strong></span> <span class='ocrx_word' id='word_1_98' title='bbox 505 1289 601 1333; x_wconf 84' lang='lat' dir='ltr'><strong>quae</strong></span> <span class='ocrx_word' id='word_1_99' title='bbox 635 1272 677 1315; x_wconf 88' lang='lat' dir='ltr'><strong>in</strong></span> <span class='ocrx_word' id='word_1_100' title='bbox 713 1269 880 1315; x_wconf 82' lang='lat' dir='ltr'><strong>aesculis</strong></span> <span class='ocrx_word' id='word_1_101' title='bbox 911 1280 1166 1326; x_wconf 88' lang='lat' dir='ltr'><strong>nascuntur,</strong></span> <span class='ocrx_word' id='word_1_102' title='bbox 1203 1269 1569 1331; x_wconf 84' lang='lat' dir='ltr'><strong>appellanturque</strong></span> <span class='ocrx_word' id='word_1_103' title='bbox 1603 1270 1763 1331; x_wconf 76' lang='lat' dir='ltr'><strong>galbce.</strong></span> 
     </span>
     <span class='ocr_line' id='line_1_15' title="bbox 377 1349 1763 1411; baseline -0.002 -14"><span class='ocrx_word' id='word_1_104' title='bbox 377 1352 604 1397; x_wconf 80' lang='lat' dir='ltr'><strong>Familiam</strong></span> <span class='ocrx_word' id='word_1_105' title='bbox 624 1350 859 1396; x_wconf 87' lang='lat' dir='ltr'><strong>illustravit</strong></span> <span class='ocrx_word' id='word_1_106' title='bbox 875 1352 1050 1395; x_wconf 85' lang='lat' dir='ltr'><strong>Servius</strong></span> <span class='ocrx_word' id='word_1_107' title='bbox 1072 1349 1209 1394; x_wconf 86' lang='lat' dir='ltr'><strong>Galha</strong></span> <span class='ocrx_word' id='word_1_108' title='bbox 1233 1349 1496 1406; x_wconf 88' lang='lat' dir='ltr'><strong>consularis,</strong></span> <span class='ocrx_word' id='word_1_109' title='bbox 1512 1360 1763 1411; x_wconf 82' lang='lat' dir='ltr'><strong>temporum</strong></span> 
     </span>
     <span class='ocr_line' id='line_1_16' title="bbox 379 1430 1763 1492; baseline -0.004 -14"><span class='ocrx_word' id='word_1_110' title='bbox 379 1450 560 1478; x_wconf 87' lang='lat' dir='ltr'><strong>suorum</strong></span> <span class='ocrx_word' id='word_1_111' title='bbox 589 1443 632 1477; x_wconf 91' lang='lat' dir='ltr'><strong>et</strong></span> <span class='ocrx_word' id='word_1_112' title='bbox 658 1431 1038 1492; x_wconf 87' lang='lat' dir='ltr'><strong>eloquentissimus</strong></span> <span class='ocrx_word' id='word_1_113' title='bbox 1069 1448 1078 1475; x_wconf 91' lang='lat'>:</span> <span class='ocrx_word' id='word_1_114' title='bbox 1113 1448 1244 1491; x_wconf 90' lang='lat' dir='ltr'><strong>quem</strong></span> <span class='ocrx_word' id='word_1_115' title='bbox 1276 1430 1480 1487; x_wconf 89' lang='lat' dir='ltr'><strong>tradunt,</strong></span> <span class='ocrx_word' id='word_1_116' title='bbox 1508 1432 1763 1492; x_wconf 86' lang='lat' dir='ltr'><strong>Hispaniam</strong></span> 
     </span>
     <span class='ocr_line' id='line_1_17' title="bbox 380 1510 1766 1575; baseline -0.004 -16"><span class='ocrx_word' id='word_1_117' title='bbox 380 1532 433 1559; x_wconf 85' lang='lat' dir='ltr'><strong>ex</strong></span> <span class='ocrx_word' id='word_1_118' title='bbox 460 1524 651 1575; x_wconf 86' lang='lat' dir='ltr'><strong>praetura</strong></span> <span class='ocrx_word' id='word_1_119' title='bbox 681 1513 972 1567; x_wconf 84' lang='lat' dir='ltr'><strong>obtinentem,</strong></span> <span class='ocrx_word' id='word_1_120' title='bbox 1000 1528 1092 1555; x_wconf 83' lang='lat' dir='ltr'><strong>xxx</strong></span> <span class='ocrx_word' id='word_1_121' title='bbox 1119 1512 1428 1555; x_wconf 87' lang='lat' dir='ltr'><strong>Lusitanorum</strong></span> <span class='ocrx_word' id='word_1_122' title='bbox 1456 1510 1647 1555; x_wconf 90' lang='lat' dir='ltr'><strong>millibus</strong></span> <span class='ocrx_word' id='word_1_123' title='bbox 1672 1528 1766 1571; x_wconf 88' lang='lat' dir='ltr'><strong>per-</strong></span> 
     </span>
     <span class='ocr_line' id='line_1_18' title="bbox 378 1590 1765 1652; baseline -0.003 -14"><span class='ocrx_word' id='word_1_124' title='bbox 378 1594 481 1638; x_wconf 83' lang='lat' dir='ltr'><strong>fidia</strong></span> <span class='ocrx_word' id='word_1_125' title='bbox 511 1593 764 1648; x_wconf 88' lang='lat' dir='ltr'><strong>trucidatis,</strong></span> <span class='ocrx_word' id='word_1_126' title='bbox 794 1592 1033 1636; x_wconf 87' lang='lat' dir='ltr'><strong>Viriathini</strong></span> <span class='ocrx_word' id='word_1_127' title='bbox 1068 1590 1171 1634; x_wconf 89' lang='lat' dir='ltr'><strong>belli</strong></span> <span class='ocrx_word' id='word_1_128' title='bbox 1197 1608 1369 1635; x_wconf 84' lang='lat' dir='ltr'><strong>causam</strong></span> <span class='ocrx_word' id='word_1_129' title='bbox 1399 1592 1626 1635; x_wconf 86' lang='lat' dir='ltr'><strong>exstitisse.</strong></span> <span class='ocrx_word' id='word_1_130' title='bbox 1660 1594 1765 1652; x_wconf 85' lang='lat' dir='ltr'><strong>Ejus</strong></span> 
     </span>
     <span class='ocr_line' id='line_1_19' title="bbox 380 1670 1764 1737; baseline -0.004 -18"><span class='ocrx_word' id='word_1_131' title='bbox 380 1692 538 1737; x_wconf 85' lang='lat' dir='ltr'><strong>nepos,</strong></span> <span class='ocrx_word' id='word_1_132' title='bbox 572 1674 628 1717; x_wconf 94' lang='lat' dir='ltr'><strong>ob</strong></span> <span class='ocrx_word' id='word_1_133' title='bbox 662 1671 881 1734; x_wconf 86' lang='lat' dir='ltr'><strong>repulsam</strong></span> <span class='ocrx_word' id='word_1_134' title='bbox 911 1670 1164 1716; x_wconf 87' lang='lat' dir='ltr'><strong>consulatus</strong></span> <span class='ocrx_word' id='word_1_135' title='bbox 1201 1671 1394 1715; x_wconf 88' lang='lat' dir='ltr'><strong>infensus</strong></span> <span class='ocrx_word' id='word_1_136' title='bbox 1427 1670 1543 1715; x_wconf 87' lang='lat' dir='ltr'><strong>Julio</strong></span> <span class='ocrx_word' id='word_1_137' title='bbox 1577 1672 1764 1725; x_wconf 77' lang='lat' dir='ltr'><strong>Caesari,</strong></span> 
     </span>
     <span class='ocr_line' id='line_1_20' title="bbox 378 1752 1767 1817; baseline -0.004 -17"><span class='ocrx_word' id='word_1_138' title='bbox 378 1757 504 1817; x_wconf 88' lang='lat' dir='ltr'><strong>cujus</strong></span> <span class='ocrx_word' id='word_1_139' title='bbox 535 1754 701 1816; x_wconf 84' lang='lat' dir='ltr'><strong>legatus</strong></span> <span class='ocrx_word' id='word_1_140' title='bbox 731 1755 775 1797; x_wconf 89' lang='lat' dir='ltr'><strong>in</strong></span> <span class='ocrx_word' id='word_1_141' title='bbox 807 1752 952 1798; x_wconf 86' lang='lat' dir='ltr'><strong>Gallia</strong></span> <span class='ocrx_word' id='word_1_142' title='bbox 982 1752 1145 1807; x_wconf 87' lang='lat' dir='ltr'><strong>fuerat,</strong></span> <span class='ocrx_word' id='word_1_143' title='bbox 1172 1752 1442 1812; x_wconf 81' lang='lat' dir='ltr'><strong>conspiravit</strong></span> <span class='ocrx_word' id='word_1_144' title='bbox 1477 1768 1578 1795; x_wconf 90' lang='lat' dir='ltr'><strong>cum</strong></span> <span class='ocrx_word' id='word_1_145' title='bbox 1615 1752 1767 1796; x_wconf 82' lang='lat' dir='ltr'><strong>Cassio</strong></span> 
     </span>
     <span class='ocr_line' id='line_1_21' title="bbox 377 1831 1767 1896; baseline -0.004 -15"><span class='ocrx_word' id='word_1_146' title='bbox 377 1846 418 1881; x_wconf 82' lang='lat' dir='ltr'><strong>et</strong></span> <span class='ocrx_word' id='word_1_147' title='bbox 440 1839 576 1880; x_wconf 88' lang='lat' dir='ltr'><strong>Bruto</strong></span> <span class='ocrx_word' id='word_1_148' title='bbox 599 1854 608 1879; x_wconf 87' lang='grc'>;</span> <span class='ocrx_word' id='word_1_149' title='bbox 631 1844 812 1896; x_wconf 85' lang='lat' dir='ltr'><strong>propter</strong></span> <span class='ocrx_word' id='word_1_150' title='bbox 829 1832 946 1894; x_wconf 87' lang='lat' dir='ltr'><strong>quod</strong></span> <span class='ocrx_word' id='word_1_151' title='bbox 967 1832 1096 1876; x_wconf 87' lang='lat' dir='ltr'><strong>Pedia</strong></span> <span class='ocrx_word' id='word_1_152' title='bbox 1124 1831 1217 1893; x_wconf 83' lang='lat' dir='ltr'><strong>lege</strong></span> <span class='ocrx_word' id='word_1_153' title='bbox 1241 1831 1473 1876; x_wconf 88' lang='lat' dir='ltr'><strong>damnatus</strong></span> <span class='ocrx_word' id='word_1_154' title='bbox 1493 1841 1568 1876; x_wconf 90' lang='lat' dir='ltr'><strong>est.</strong></span> <span class='ocrx_word' id='word_1_155' title='bbox 1591 1831 1660 1876; x_wconf 88' lang='lat' dir='ltr'><strong>Ab</strong></span> <span class='ocrx_word' id='word_1_156' title='bbox 1683 1832 1767 1876; x_wconf 88' lang='lat' dir='ltr'><strong>hoc</strong></span> 
     </span>
     <span class='ocr_line' id='line_1_22' title="bbox 379 1911 1767 1977; baseline -0.004 -16"><span class='ocrx_word' id='word_1_157' title='bbox 379 1927 481 1962; x_wconf 88' lang='lat' dir='ltr'><strong>sunt</strong></span> <span class='ocrx_word' id='word_1_158' title='bbox 505 1916 780 1977; x_wconf 85' lang='lat' dir='ltr'><strong>imperatoris</strong></span> <span class='ocrx_word' id='word_1_159' title='bbox 805 1914 957 1959; x_wconf 81' lang='lat' dir='ltr'><strong>Galbae</strong></span> <span class='ocrx_word' id='word_1_160' title='bbox 982 1931 1088 1957; x_wconf 89' lang='lat' dir='ltr'><strong>avus</strong></span> <span class='ocrx_word' id='word_1_161' title='bbox 1116 1923 1156 1957; x_wconf 86' lang='lat' dir='ltr'><strong>et</strong></span> <span class='ocrx_word' id='word_1_162' title='bbox 1181 1922 1318 1974; x_wconf 88' lang='lat' dir='ltr'><strong>pater.</strong></span> <span class='ocrx_word' id='word_1_163' title='bbox 1346 1915 1469 1956; x_wconf 89' lang='lat' dir='ltr'><strong>Avus</strong></span> <span class='ocrx_word' id='word_1_164' title='bbox 1493 1911 1652 1959; x_wconf 85' lang='lat' dir='ltr'><strong>clarior</strong></span> <span class='ocrx_word' id='word_1_165' title='bbox 1681 1922 1767 1956; x_wconf 86' lang='lat' dir='ltr'><strong>stu-</strong></span> 
     </span>
     <span class='ocr_line' id='line_1_23' title="bbox 379 1993 1765 2059; baseline -0.005 -17"><span class='ocrx_word' id='word_1_166' title='bbox 379 1999 461 2042; x_wconf 86' lang='lat' dir='ltr'><strong>diis</strong></span> <span class='ocrx_word' id='word_1_167' title='bbox 477 2015 608 2059; x_wconf 88' lang='lat' dir='ltr'><strong>quam</strong></span> <span class='ocrx_word' id='word_1_168' title='bbox 630 1997 842 2058; x_wconf 82' lang='lat' dir='ltr'><strong>dignitate</strong></span> <span class='ocrx_word' id='word_1_169' title='bbox 861 2012 869 2038; x_wconf 92' lang='lat'>:</span> <span class='ocrx_word' id='word_1_170' title='bbox 891 2012 977 2038; x_wconf 88' lang='lat' dir='ltr'><strong>non</strong></span> <span class='ocrx_word' id='word_1_171' title='bbox 998 1995 1113 2038; x_wconf 90' lang='lat' dir='ltr'><strong>enim</strong></span> <span class='ocrx_word' id='word_1_172' title='bbox 1133 2009 1330 2054; x_wconf 79' lang='lat' dir='ltr'><strong>egressus</strong></span> <span class='ocrx_word' id='word_1_173' title='bbox 1346 2002 1544 2053; x_wconf 82' lang='lat' dir='ltr'><strong>praeturae</strong></span> <span class='ocrx_word' id='word_1_174' title='bbox 1559 1993 1741 2053; x_wconf 84' lang='lat' dir='ltr'><strong>gradum</strong></span> <span class='ocrx_word' id='word_1_175' title='bbox 1755 2027 1765 2047; x_wconf 93' lang='lat'><strong>,</strong></span> 
     </span>
     <span class='ocr_line' id='line_1_24' title="bbox 381 2073 1767 2139; baseline -0.004 -16"><span class='ocrx_word' id='word_1_176' title='bbox 381 2077 671 2139; x_wconf 88' lang='lat' dir='ltr'><strong>multiplicem</strong></span> <span class='ocrx_word' id='word_1_177' title='bbox 696 2093 776 2120; x_wconf 89' lang='lat' dir='ltr'><strong>nec</strong></span> <span class='ocrx_word' id='word_1_178' title='bbox 798 2076 1063 2120; x_wconf 87' lang='lat' dir='ltr'><strong>incuriosam</strong></span> <span class='ocrx_word' id='word_1_179' title='bbox 1091 2074 1317 2117; x_wconf 83' lang='lat' dir='ltr'><strong>historiam</strong></span> <span class='ocrx_word' id='word_1_180' title='bbox 1343 2073 1492 2117; x_wconf 88' lang='lat' dir='ltr'><strong>edidit.</strong></span> <span class='ocrx_word' id='word_1_181' title='bbox 1512 2075 1643 2117; x_wconf 87' lang='lat' dir='ltr'><strong>Pater</strong></span> <span class='ocrx_word' id='word_1_182' title='bbox 1666 2090 1767 2117; x_wconf 90' lang='lat' dir='ltr'><strong>con-</strong></span> 
     </span>
     <span class='ocr_line' id='line_1_25' title="bbox 378 2155 1763 2217; baseline -0.004 -14"><span class='ocrx_word' id='word_1_183' title='bbox 378 2158 521 2202; x_wconf 84' lang='lat' dir='ltr'><strong>sulatu</strong></span> <span class='ocrx_word' id='word_1_184' title='bbox 550 2158 752 2213; x_wconf 89' lang='lat' dir='ltr'><strong>functus,</strong></span> <span class='ocrx_word' id='word_1_185' title='bbox 783 2172 1051 2217; x_wconf 86' lang='lat' dir='ltr'><strong>quamquam</strong></span> <span class='ocrx_word' id='word_1_186' title='bbox 1083 2155 1202 2198; x_wconf 89' lang='lat' dir='ltr'><strong>brevi</strong></span> <span class='ocrx_word' id='word_1_187' title='bbox 1235 2170 1441 2215; x_wconf 86' lang='lat' dir='ltr'><strong>corpore,</strong></span> <span class='ocrx_word' id='word_1_188' title='bbox 1474 2163 1606 2215; x_wconf 86' lang='lat' dir='ltr'><strong>atque</strong></span> <span class='ocrx_word' id='word_1_189' title='bbox 1635 2155 1763 2198; x_wconf 89' lang='lat' dir='ltr'><strong>etiam</strong></span> 
     </span>
     <span class='ocr_line' id='line_1_26' title="bbox 379 2233 1762 2301; baseline -0.004 -18"><span class='ocrx_word' id='word_1_190' title='bbox 379 2240 546 2301; x_wconf 83' lang='lat' dir='ltr'><strong>gibber,</strong></span> <span class='ocrx_word' id='word_1_191' title='bbox 581 2238 852 2297; x_wconf 85' lang='lat' dir='ltr'><strong>modicaeque</strong></span> <span class='ocrx_word' id='word_1_192' title='bbox 885 2237 928 2279; x_wconf 93' lang='lat' dir='ltr'><strong>in</strong></span> <span class='ocrx_word' id='word_1_193' title='bbox 962 2234 1148 2280; x_wconf 84' lang='lat' dir='ltr'><strong>dicendo</strong></span> <span class='ocrx_word' id='word_1_194' title='bbox 1178 2233 1422 2288; x_wconf 84' lang='lat' dir='ltr'><strong>facultatis,</strong></span> <span class='ocrx_word' id='word_1_195' title='bbox 1452 2250 1604 2279; x_wconf 87' lang='lat' dir='ltr'><strong>causas</strong></span> <span class='ocrx_word' id='word_1_196' title='bbox 1634 2234 1762 2278; x_wconf 90' lang='lat' dir='ltr'><strong>indu-</strong></span> 
     </span>
     <span class='ocr_line' id='line_1_27' title="bbox 381 2315 1764 2370; baseline -0.004 -7"><span class='ocrx_word' id='word_1_197' title='bbox 381 2321 485 2363; x_wconf 77' lang='lat' dir='ltr'><strong>strie</strong></span> <span class='ocrx_word' id='word_1_198' title='bbox 525 2319 735 2363; x_wconf 84' lang='lat' dir='ltr'><strong>actitavit.</strong></span> <span class='ocrx_word' id='word_1_199' title='bbox 779 2320 953 2362; x_wconf 86' lang='lat' dir='ltr'><strong>Uxores</strong></span> <span class='ocrx_word' id='word_1_200' title='bbox 998 2316 1154 2360; x_wconf 89' lang='lat' dir='ltr'><strong>habuit</strong></span> <span class='ocrx_word' id='word_1_201' title='bbox 1199 2315 1462 2360; x_wconf 89' lang='lat' dir='ltr'><strong>Mummiam</strong></span> <span class='ocrx_word' id='word_1_202' title='bbox 1503 2315 1764 2370; x_wconf 89' lang='lat' dir='ltr'><strong>Achaicam,</strong></span> 
     </span>
     <span class='ocr_line' id='line_1_28' title="bbox 380 2395 1761 2461; baseline -0.004 -18"><span class='ocrx_word' id='word_1_203' title='bbox 380 2409 554 2461; x_wconf 89' lang='lat' dir='ltr'><strong>neptem</strong></span> <span class='ocrx_word' id='word_1_204' title='bbox 579 2397 750 2455; x_wconf 90' lang='lat' dir='ltr'><strong>Catuli,</strong></span> <span class='ocrx_word' id='word_1_205' title='bbox 778 2406 1038 2459; x_wconf 87' lang='lat' dir='ltr'><strong>proneptem</strong></span> <span class='ocrx_word' id='word_1_206' title='bbox 1062 2398 1112 2440; x_wconf 90' lang='lat' dir='ltr'><strong>L.</strong></span> <span class='ocrx_word' id='word_1_207' title='bbox 1140 2396 1371 2452; x_wconf 84' lang='lat' dir='ltr'><strong>Mummii,</strong></span> <span class='ocrx_word' id='word_1_208' title='bbox 1398 2396 1473 2456; x_wconf 92' lang='lat' dir='ltr'><strong>qui</strong></span> <span class='ocrx_word' id='word_1_209' title='bbox 1499 2395 1761 2439; x_wconf 90' lang='lat' dir='ltr'><strong>Corinthum</strong></span> 
     </span>
     <span class='ocr_line' id='line_1_29' title="bbox 380 2474 1765 2533; baseline -0.004 -10"><span class='ocrx_word' id='word_1_210' title='bbox 380 2479 540 2524; x_wconf 87' lang='lat' dir='ltr'><strong>excidit</strong></span> <span class='ocrx_word' id='word_1_211' title='bbox 577 2496 585 2522; x_wconf 91' lang='lat'>:</span> <span class='ocrx_word' id='word_1_212' title='bbox 623 2480 727 2522; x_wconf 88' lang='lat' dir='ltr'><strong>item</strong></span> <span class='ocrx_word' id='word_1_213' title='bbox 761 2478 932 2521; x_wconf 88' lang='lat' dir='ltr'><strong>Liviam</strong></span> <span class='ocrx_word' id='word_1_214' title='bbox 972 2475 1245 2533; x_wconf 87' lang='lat' dir='ltr'><strong>Ocellinam,</strong></span> <span class='ocrx_word' id='word_1_215' title='bbox 1281 2474 1414 2519; x_wconf 89' lang='lat' dir='ltr'><strong>ditem</strong></span> <span class='ocrx_word' id='word_1_216' title='bbox 1453 2474 1687 2519; x_wconf 89' lang='lat' dir='ltr'><strong>admodum</strong></span> <span class='ocrx_word' id='word_1_217' title='bbox 1723 2484 1765 2517; x_wconf 86' lang='lat' dir='ltr'><strong>et</strong></span> 
     </span>
     <span class='ocr_line' id='line_1_30' title="bbox 379 2554 1761 2621; baseline -0.005 -16"><span class='ocrx_word' id='word_1_218' title='bbox 379 2560 607 2621; x_wconf 83' lang='lat' dir='ltr'><strong>pulchram</strong></span> <span class='ocrx_word' id='word_1_219' title='bbox 628 2578 637 2603; x_wconf 85' lang='lat'><strong>:</strong></span> <span class='ocrx_word' id='word_1_220' title='bbox 659 2577 683 2603; x_wconf 89' lang='lat' dir='ltr'><strong>a</strong></span> <span class='ocrx_word' id='word_1_221' title='bbox 703 2576 789 2619; x_wconf 84' lang='lat' dir='ltr'><strong>qua</strong></span> <span class='ocrx_word' id='word_1_222' title='bbox 813 2569 957 2602; x_wconf 87' lang='lat' dir='ltr'><strong>tamen</strong></span> <span class='ocrx_word' id='word_1_223' title='bbox 988 2556 1226 2601; x_wconf 87' lang='lat' dir='ltr'><strong>nobilitatis</strong></span> <span class='ocrx_word' id='word_1_224' title='bbox 1251 2573 1379 2601; x_wconf 87' lang='lat' dir='ltr'><strong>causa</strong></span> <span class='ocrx_word' id='word_1_225' title='bbox 1403 2556 1622 2617; x_wconf 87' lang='lat' dir='ltr'><strong>appetitus</strong></span> <span class='ocrx_word' id='word_1_226' title='bbox 1645 2554 1761 2598; x_wconf 90' lang='lat' dir='ltr'><strong>ultro</strong></span> 
     </span>
    </p>
   </div>
   <div class='ocr_carea' id='block_1_3' title="bbox 381 2634 1760 2699">
    <p class='ocr_par' dir='ltr' id='par_1_4' title="bbox 381 2634 1760 2699">
     <span class='ocr_line' id='line_1_31' title="bbox 381 2634 1760 2699; baseline -0.004 -16"><span class='ocrx_word' id='word_1_227' title='bbox 381 2642 665 2695; x_wconf 76' lang='lat' dir='ltr'><strong>existimatur,</strong></span> <span class='ocrx_word' id='word_1_228' title='bbox 691 2650 732 2683; x_wconf 89' lang='lat' dir='ltr'><strong>et</strong></span> <span class='ocrx_word' id='word_1_229' title='bbox 757 2638 982 2699; x_wconf 78' lang='lat' dir='ltr'><strong>aliquanto</strong></span> <span class='ocrx_word' id='word_1_230' title='bbox 1013 2638 1208 2692; x_wconf 78' lang='lat' dir='ltr'><strong>enixius,</strong></span> <span class='ocrx_word' id='word_1_231' title='bbox 1236 2647 1468 2698; x_wconf 85' lang='lat' dir='ltr'><strong>postquam</strong></span> <span class='ocrx_word' id='word_1_232' title='bbox 1496 2634 1680 2679; x_wconf 79' lang='lat' dir='ltr'><strong>subinde</strong></span> <span class='ocrx_word' id='word_1_233' title='bbox 1707 2637 1760 2679; x_wconf 86' lang='lat' dir='ltr'><strong>in·</strong></span> 
     </span>
    </p>
   </div>
  </div>
 </body>
</html>
