1971 3342
399 255 444 288 52
753 253 791 287 C.
818 253 1053 289 SUETONll
1086 253 1431 288 VESPASIANUS.

399 332 515 377 leum
545 334 783 396 derepente
813 338 1046 398 patuisset,
1084 346 1126 381 et
1152 335 1276 380 stella
1304 336 1467 381 crinita
1504 336 1549 379 in
1578 337 1687 381 coelo
1713 354 1791 400 ap-

395 416 610 474 paruisset
633 434 642 460 :
665 415 851 461 alterum
873 417 929 462 ad
952 418 1129 462 Juniam
1153 416 1384 462 Calvinam
1405 433 1428 461 e
1450 426 1581 479 gente
1602 420 1787 479 Augusti

394 497 635 555 pertinere,
660 497 852 551 diceban
880 497 1066 542 alterum
1103 497 1159 542 ad
1194 498 1460 542 Parthorum
1495 514 1672 560 regem,
1712 500 1787 560 qui

393 577 624 638 capillatus
647 590 772 624 esset.
794 581 941 624 Prima
963 596 1140 640 quoque
1165 579 1308 624 morbi
1330 580 1595 637 accessione,
1617 599 1637 622 «
1653 583 1752 635 Vae,
1769 600 1788 621 »

393 660 557 719 inquit,
592 680 613 701 «
634 671 768 721 puto,
799 661 908 705 deus
936 660 1006 704 fio.
1034 680 1054 701 »

461 742 626 785 XXIV.
651 741 898 785 Consulatu
919 758 998 786 suo
1025 759 1144 786 nono
1165 752 1357 788 tentatus
1376 743 1419 786 in
1436 744 1680 804 Campania
1702 760 1791 787 mo-

397 820 607 865 tiunculis
629 820 816 877 levibus,
837 823 1131 884 protinusque
1155 824 1274 868 Urbe
1296 824 1506 885 repetita,
1530 823 1718 868 Cutilias
1741 840 1790 867 ac

396 903 565 946 reatina
604 919 736 959 rura,
781 904 856 947 ubi
902 906 1100 949 aestivare
1135 907 1374 966 quotannis
1413 906 1606 959 solebat,
1647 907 1787 967 petiit.

394 983 499 1037 Hic,
527 999 666 1043 quum
690 1001 822 1045 super
841 996 1073 1047 urgentem
1101 985 1400 1030 valetudinem
1425 987 1694 1031 creberrimo
1717 987 1791 1030 fri-

392 1062 504 1123 gidae
527 1080 651 1125 aquae
678 1082 759 1109 usu
792 1068 924 1109 etiam
959 1066 1169 1110 intestina
1192 1067 1407 1124 vitiasset,
1435 1084 1517 1112 nec
1551 1084 1602 1111 eo
1641 1069 1789 1112 minus

393 1145 654 1190 muneribus
676 1147 972 1207 imperatoriis
1007 1164 1059 1191 ex
1093 1147 1415 1192 consuetudine
1440 1147 1713 1210 fungeretur,
1742 1158 1787 1191 ut

392 1227 525 1271 etiam
553 1226 791 1289 legationes
827 1227 1000 1272 audiret
1030 1228 1218 1285 cubans,
1245 1227 1345 1273 alvo
1366 1239 1548 1290 repente
1570 1245 1710 1290 usque
1736 1229 1789 1272 ad

395 1307 687 1352 defectionem
728 1308 899 1365 soluta,
948 1329 969 1350 «
992 1311 1375 1369 Imperatorem‚»
1417 1311 1504 1365 ait,
1551 1329 1571 1351 «
1600 1319 1789 1354 stantem

393 1390 505 1432 mori
538 1400 798 1451 oportere.»
837 1392 1047 1451 Dumque
1081 1391 1332 1452 consurgit,
1370 1407 1420 1435 ac
1461 1391 1635 1449 nititur,
1677 1391 1791 1434 inter

394 1487 552 1515 manus
583 1470 910 1516 sublevantium
941 1473 1181 1517 exstinctus
1220 1483 1307 1529 est,
1342 1490 1391 1518 lx
1424 1472 1631 1517 kalendas
1663 1472 1788 1534 julii,

393 1567 561 1595 annum
584 1569 739 1614 gerens
761 1555 899 1597 aetatis
928 1554 1249 1616 sexagesimum
1279 1571 1327 1598 ac
1348 1571 1513 1598 nonum
1529 1590 1540 1612 ‚
1571 1571 1789 1615 superque

391 1648 586 1676 mensem
608 1650 658 1678 ac
681 1633 795 1678 diem
823 1636 1072 1695 septimum.

456 1715 603 1758 XXV.
627 1715 851 1758 Convenit
875 1716 990 1759 inter
1011 1733 1188 1774 omnes,
1210 1727 1298 1761 tam
1321 1727 1491 1762 certum
1514 1734 1614 1761 eum
1639 1718 1692 1762 de
1713 1735 1788 1762 sua

391 1810 664 1855 suorumque
694 1797 899 1856 genitura
926 1813 1099 1859 semper·
1131 1798 1264 1842 fuisse
1282 1833 1294 1855 ‚
1322 1809 1370 1842 ut
1392 1808 1492 1860 post
1516 1798 1713 1843 assiduas
1745 1799 1786 1842 in

390 1891 434 1918 se
464 1875 792 1936 conjurationes
817 1893 950 1921 ausus
975 1879 1032 1922 sit
1056 1877 1278 1922 affirmare
1301 1881 1494 1935 senatui,
1528 1898 1548 1919 «
1569 1889 1645 1923 aut
1677 1878 1790 1923 filios

393 1955 474 2000 sibi
510 1973 810 2013 successuros,
846 1968 922 2002 ant
959 1960 1193 2003 neminem.
1222 1981 1243 2002 »
1272 1960 1450 2005 Dicitur
1470 1962 1602 2005 etiam
1631 1960 1790 2005 vidisse

396 2036 622 2097 quondam
651 2055 730 2098 per
749 2039 941 2099 quietem
964 2050 1168 2085 stateram
1200 2041 1244 2084 in
1272 2041 1417 2085 media
1441 2052 1567 2103 parte
1586 2042 1789 2086 vestibuli

395 2117 596 2178 palatinae
623 2119 780 2163 domus
806 2121 994 2181 positam
1014 2122 1216 2165 examine
1238 2138 1390 2182 aequo3
1417 2139 1555 2183 quum
1585 2123 1629 2167 in
1654 2121 1789 2167 altera

397 2197 523 2242 lance
553 2198 769 2243 Claudius
795 2211 837 2244 et
863 2202 984 2245 Nero
1028 2211 1219 2258 starent,
1255 2204 1299 2246 in
1327 2201 1463 2247 altera
1502 2204 1593 2264 ipse
1618 2220 1669 2247 ac
1698 2202 1787 2246 filii.

396 2279 487 2323 Nec
521 2296 586 2323 res
627 2279 776 2324 fefellit
808 2299 816 2325 :
850 2282 1030 2343 quando
1059 2283 1245 2327 totidem
1282 2284 1427 2342 annis,
1467 2284 1651 2345 parique
1682 2294 1786 2328 tem-

392 2361 508 2420 poris
536 2363 676 2421 spatio
703 2363 877 2423 utrique
908 2364 1250 2424 imperaverunt.
