1988 3439
605 248 850 285 OCTAVIUS
871 248 1144 284 AUGUSTUS.
1507 249 1527 286 5
1533 263 1555 298 9

186 330 395 391 scriptum
417 330 519 375 olim
543 331 596 375 ab
621 347 672 375 eo
696 341 863 392 patrem
886 330 1093 388 Paulum,
1118 342 1159 376 et
1183 334 1303 394 quasi
1331 335 1556 380 occasione

187 408 364 454 ultionis
385 410 549 467 oblata,
576 411 820 455 interficere
842 422 1024 456 conatus
1047 422 1121 456 est.
1147 415 1252 457 Post
1271 416 1466 476 Pompeii
1489 415 1556 459 fu-

185 506 304 551 gam,
330 490 592 552 collegarum
616 489 801 536 alterum
825 494 886 536 M.
920 493 1157 554 Lepidum,
1186 510 1316 554 quem
1340 511 1389 538 ex
1413 495 1557 539 Africa

187 573 228 614 in
243 571 453 616 auxilium
466 583 685 630 evocarat,
699 571 1023 635 superbientem
1038 575 1191 636 viginti
1208 575 1430 637 legionum
1447 575 1557 619 fidu-

183 652 270 708 cia,
286 668 564 714 summasque
580 654 659 697 sibi
677 663 823 715 partes
840 663 1006 699 terrore
1027 671 1076 699 ac
1094 656 1223 700 minis
1246 655 1556 711 vindicantem,

183 730 387 792 spoliavit
419 735 610 778 exercitu
645 752 654 778 :
692 733 1046 797 supplicemque,
1078 753 1281 781 concessa
1313 738 1425 794 vita,
1458 738 1556 782 Cir-

183 813 296 857 ceios
318 814 363 857 in
384 824 643 875 perpetuum
666 814 887 878 relegavit.

243 895 387 938 XVII.
424 896 486 939 M.
506 897 687 940 Antonii
705 898 955 942 societatem
975 914 1145 961 semper
1163 898 1342 942 dubiam
1363 907 1404 942 et
1423 899 1557 942 inccr-

181 985 290 1031 tam,
319 976 833 1039 reconciliationibusque
857 980 986 1023 variis
1014 979 1125 1024 male
1148 978 1405 1034 focillatam,
1433 979 1559 1024 abru-

179 1056 244 1117 pit
263 1057 454 1102 tandem.
471 1060 525 1103 Et
543 1075 631 1119 quo
649 1060 807 1120 magis,
827 1058 1108 1121 degenerasse
1125 1077 1224 1104 eum
1242 1077 1267 1104 a
1283 1059 1398 1105 civili
1416 1077 1558 1113 more,

179 1137 469 1197 approbaret,
507 1149 848 1198 testamentum,
889 1140 1006 1201 quod
1047 1142 1082 1185 is
1123 1144 1300 1198 Romae,
1333 1142 1464 1185 etiam
1506 1141 1558 1184 dc

179 1218 415 1281 Cleopatra
444 1219 592 1264 liberis
621 1222 734 1265 inter
762 1221 942 1266 heredes
972 1223 1264 1283 nuncupatis,
1295 1221 1556 1282 reliquerat,

179 1300 466 1361 aperiendum
482 1301 842 1362 recitandumque
857 1319 937 1363 pro
951 1303 1162 1347 concione
1177 1303 1359 1347 curavit.
1373 1303 1556 1348 Remisit

180 1391 323 1424 tamen
358 1381 472 1424 hosti
501 1380 700 1441 judicato
730 1382 1070 1425 necessitudines
1101 1384 1348 1443 amicosque
1382 1400 1555 1439 omnes,

177 1470 308 1521 atque
326 1461 441 1504 inter
458 1460 566 1505 alios
586 1463 635 1507 C.
657 1462 830 1506 Sosium
849 1471 891 1506 et
908 1464 988 1507 Cn.
1008 1462 1274 1519 Domitium,
1293 1472 1396 1506 tunc
1413 1462 1555 1506 adhuc

177 1540 389 1586 consules.
416 1543 765 1586 Bononiensibus
792 1559 966 1604 quoque
990 1541 1183 1603 publice,
1207 1541 1327 1603 quod
1352 1543 1395 1586 in
1422 1546 1556 1587 Anto-

179 1623 351 1667 niorum
363 1622 561 1667 clientela
574 1624 816 1684 antiquitus
827 1633 969 1680 erant,
985 1624 1170 1685 gratiam
1183 1623 1283 1668 fecit
1295 1622 1551 1683 conjurandi

176 1720 276 1748 cum
303 1713 396 1748 tota
416 1702 542 1749 Italia
564 1720 644 1765 pro
669 1705 866 1765 partibus
890 1705 991 1748 suis.
1018 1706 1110 1749 Nec
1133 1703 1272 1748 multo
1293 1714 1392 1765 post
1412 1702 1552 1747 navali

178 1783 332 1844 proelio
365 1784 483 1846 apud
511 1786 687 1829 Actium
717 1786 845 1842 vicit,
884 1786 927 1828 in
961 1802 1106 1829 serum
1142 1785 1421 1828 dimicatione
1451 1801 1554 1845 pro-

178 1875 334 1920 tracta,
362 1875 409 1909 ut
439 1866 482 1908 in
511 1867 610 1908 navi
639 1868 779 1910 victor
805 1867 1140 1927 pernoctaverit.
1169 1866 1237 1910 Ab
1263 1865 1392 1910 Actio
1418 1882 1553 1925 quum

178 1947 358 1990 Samum
382 1946 426 1988 in
454 1945 635 1990 hiberna
662 1963 705 1989 se
729 1946 980 2006 recepisset,
1006 1945 1204 1990 turbatus
1230 1945 1394 1989 nuntiis
1418 1944 1470 1988 dc
1492 1961 1554 1989 se-

177 2026 345 2070 ditione
366 2025 578 2081 militum,
599 2028 774 2088 praemia
796 2037 837 2070 et
859 2028 1108 2070 missionem
1129 2027 1423 2086 poscentium,
1445 2042 1554 2085 quos

176 2124 228 2150 ex
250 2108 372 2151 omni
399 2123 602 2163 numero,
626 2107 821 2151 confecta
845 2107 1048 2163 victoria,
1072 2105 1354 2150 Brundisium
1377 2105 1552 2166 praemi-

177 2196 308 2243 serat,
322 2189 481 2248 repetit
498 2186 687 2244 Italiam,
703 2197 958 2249 tempestate
975 2188 1019 2231 in
1041 2187 1228 2248 trajectu
1245 2186 1312 2229 bis
1330 2185 1554 2229 conflicta-

180 2276 248 2310 tus
267 2284 276 2310 :
296 2269 437 2327 primo
456 2269 568 2311 inter
589 2269 886 2327 promontoria
907 2267 1195 2330 Peloponnesi
1213 2277 1345 2328 atque
1363 2266 1552 2322 AEtoliae,

180 2363 327 2391 rursus
345 2348 458 2390 circa
480 2358 650 2391 montes
669 2350 928 2401 Ceraunios,
950 2349 1182 2408 utrobique
1202 2359 1324 2410 parte
1347 2348 1553 2391 Liburni-

178 2444 326 2471 carum
358 2427 570 2483 demersa,
599 2427 814 2489 simulque
842 2429 953 2488 ejus,
979 2429 1022 2471 in
1047 2445 1132 2488 qua
1158 2429 1417 2482 vehebatur,
1445 2428 1552 2472 fusis

178 2509 456 2552 armamentis
480 2518 522 2551 et
554 2507 848 2569 gubernaculo
872 2508 1085 2552 diffracto.
1105 2510 1194 2552 Nec
1216 2507 1402 2569 amplius
1422 2525 1551 2567 quam

180 2598 343 2649 septem
365 2599 408 2632 et
433 2590 583 2650 viginti
614 2589 722 2642 dics,
752 2588 889 2633 (loncc
920 2588 1131 2632 desideria
1158 2588 1345 2632 militum
1376 2588 1544 2632 ordina-

181 2680 356 2727 rentur,
384 2671 600 2714 Brundisii
633 2683 948 2727 ‹·(›111111‹›1·at[1S,
981 2675 1086 2718 ,isize
1117 2674 1336 2733 Syrichuc
1365 2673 1547 2716 circuitu
