1971 3342
441 226 485 265 34
961 223 1001 257 C,
1028 221 1256 257 SUETONII

441 302 607 349 nulium
633 305 819 365 spatium
842 305 1079 365 perterritis
1104 304 1244 347 dabat.
1275 301 1463 363 Ancipiti
1487 301 1635 362 proelio
1659 320 1789 364 equos

440 383 703 440 dimittebat,
734 394 776 427 et
808 385 850 427 in
881 386 1029 446 primis
1060 401 1213 439 suum,
1240 399 1326 442 quo
1352 383 1488 443 major
1512 384 1790 443 permanendi

442 464 664 508 necessitas
690 465 1000 524 imponeretur,
1024 463 1181 509 auxilio
1208 463 1318 524 fugae
1343 473 1502 524 erepto.

503 545 617 587 LXI.
653 543 870 587 Utebatur
905 552 1049 586 autem
1083 559 1195 602 equo
1231 543 1412 604 insigni,
1442 542 1623 603 pedibus
1657 559 1790 603 prope

440 624 665 679 humanis,
691 632 732 665 et
759 624 801 665 in
828 622 1005 666 modum
1030 622 1265 683 digitorum
1292 621 1465 682 ungulis
1490 621 1597 666 fissis
1625 639 1634 665 z
1664 639 1789 682 quem

442 712 592 747 natum
616 701 731 763 apud
759 718 826 759 se,
851 719 987 762 quum
1012 702 1259 763 haruspices
1280 702 1510 762 imperium
1535 702 1649 746 orbis
1671 711 1791 745 terrae

442 781 679 843 significare
714 780 888 825 domino
923 783 1300 842 pronuntiassent,
1332 798 1487 843 magna
1521 798 1624 825 cura
1659 781 1791 839 aluit;

445 877 521 905 nec
554 862 784 921 patientem
817 862 989 905 sessoris
1019 860 1195 905 alterius
1224 862 1388 922 primus
1418 861 1609 905 ascendit
1635 879 1644 905 z
1672 862 1794 922 cujus

443 941 569 984 etiam
597 942 730 984 instar
767 958 845 1001 pro
882 940 970 984 aede
1007 942 1185 985 Veneris
1213 942 1455 985 Genetricis
1493 952 1641 1002 postea
1673 941 1792 985 dedi-

444 1022 567 1065 cavit.

506 1103 639 1145 LXII.
678 1100 932 1145 Inclinatam
963 1101 1097 1143 aciem
1131 1099 1245 1143 solus
1277 1117 1386 1161 saepe
1418 1101 1625 1156 restituit,
1659 1101 1795 1144 obsis-

447 1191 541 1224 tens
567 1180 853 1240 fugientibus,
880 1179 1153 1238 retinensque
1177 1179 1392 1238 singulos,
1415 1189 1457 1222 et
1477 1180 1684 1223 contortis
1707 1179 1799 1224 fau-

445 1260 565 1303 cibus
585 1268 837 1302 convertens
863 1258 907 1300 in
928 1258 1096 1301 hostem
1121 1275 1130 1301 ε
1157 1268 1200 1301 et
1220 1257 1394 1318 quidem
1414 1258 1520 1302 adeo
1544 1257 1800 1319 plerumque

445 1338 655 1400 trepidos,
676 1348 726 1381 ut
744 1335 941 1397 aquilifer
962 1336 1147 1380 moranti
1167 1352 1210 1379 se
1230 1336 1404 1397 cuspide
1424 1338 1476 1381 sit
1495 1339 1800 1394 comminatus;

445 1419 553 1463 alius
578 1420 621 1463 in
646 1435 778 1463 manu
801 1417 1033 1461 detinentis
1057 1414 1277 1475 reliquerit
1300 1416 1484 1477 signum.

507 1499 666 1541 LXIII.
702 1500 804 1542 Non
832 1497 1000 1540 minora
1028 1493 1099 1538 illa
1127 1495 1378 1539 constantiae
1408 1498 1525 1556 ejus,
1554 1498 1685 1542 immo
1714 1515 1802 1542 ma-

446 1578 537 1637 jora
577 1578 704 1620 etiam
720 1612 731 1633 ,
770 1576 926 1619 indicia
966 1575 1139 1619 fuerint.
1179 1577 1281 1618 Post
1318 1576 1451 1619 aciem
1487 1577 1792 1626 Pharsalicam,

448 1673 582 1716 quum
603 1657 828 1717 praemissis
849 1657 891 1699 in
906 1656 1050 1700 Asiam
1065 1655 1197 1715 copiis
1214 1671 1289 1715 per
1301 1656 1520 1716 angustias
1536 1655 1802 1717 Hellesponti

448 1736 636 1780 vectoria
654 1735 852 1779 navicula
871 1736 1106 1796 trajiceret,
1128 1738 1175 1780 C.
1198 1735 1414 1789 Cassium,
1437 1737 1571 1796 partis
1590 1736 1778 1780 adversae
1791 1771 1803 1792 ,

451 1832 550 1860 cum
570 1816 714 1860 decem
737 1816 930 1860 rostratis
952 1814 1133 1858 navibus
1158 1815 1334 1860 obvium
1355 1816 1434 1859 sibi
1458 1832 1596 1875 neque
1614 1815 1773 1877 refugit
1794 1833 1803 1859 :

450 1905 493 1939 et
515 1897 709 1940 cominus
734 1895 935 1951 tendenS,
961 1894 1076 1940 ultro
1099 1897 1153 1940 ad
1174 1897 1434 1941 deditionem
1458 1896 1680 1952 hortatus,
1706 1911 1806 1955 sup-

452 1974 604 2034 plicem
631 1975 684 2018 ad
709 1992 751 2019 se
776 1977 945 2036 recepit.

515 2056 672 2098 LXIV.
726 2054 995 2098 Alexandriae
1011 2089 1022 2110 ,
1066 2056 1178 2098 circa
1223 2055 1589 2115 oppugnationem
1634 2053 1777 2114 pontis
1793 2087 1804 2107 ,

454 2136 680 2193 eruptione
710 2134 899 2177 hostium
931 2134 1072 2177 subita
1102 2134 1348 2195 compulsus
1380 2136 1422 2176 in
1450 2132 1683 2194 scapham,
1707 2132 1805 2192 plu-

456 2213 574 2257 ribus
595 2213 745 2256 eodem
772 2212 1156 2273 praecipitantibus,
1177 2230 1310 2272 quum
1335 2211 1572 2256 desiluisset
1596 2214 1640 2255 in
1663 2227 1805 2268 mare,

460 2291 603 2336 nando
629 2309 703 2352 per
727 2291 934 2336 ducentos
958 2308 1106 2352 passus
1128 2293 1261 2334 evasit
1285 2291 1338 2334 ad
1363 2292 1604 2351 proximam
1628 2307 1780 2334 navem
1795 2324 1805 2344 ‚

457 2370 565 2415 elata
590 2370 717 2427 laeva,
741 2387 792 2414 nc
821 2370 975 2426 libelli,
1002 2388 1110 2430 quos
1136 2371 1331 2425 tenebat,
1360 2369 1659 2426 madefierent3
1684 2368 1806 2429 palu-

454 2450 709 2497 damentum
734 2450 951 2494 mordicus
969 2451 1160 2505 trahens,
1186 2466 1238 2492 ne
1262 2448 1399 2508 spolio
1420 2449 1635 2508 potiretur
1658 2448 1804 2491 hostis.

522 2532 657 2574 LXV.
693 2529 874 2574 Militem
910 2545 1048 2588 neque
1083 2545 1108 2571 a
1146 2527 1362 2583 moribus,
1402 2543 1541 2587 neque
1576 2543 1600 2569 a
1635 2526 1809 2569 fortuna

449 2611 689 2667 probabat,
712 2611 784 2654 sed
809 2619 974 2654 tantum
1000 2625 1024 2650 a
1051 2608 1234 2661 viribus;
1260 2607 1554 2665 tractabatque
1578 2606 1668 2665 pari
1690 2621 1808 2649 seve-
