1971 3342
437 226 455 258 7
463 213 482 246 8
961 215 998 249 C.
1028 215 1252 250 SUETONII

440 311 657 355 uunquam
673 297 798 340 etiam
819 298 1009 353 vicatim,
1034 314 1081 340 ac
1104 296 1298 358 pluribus
1323 298 1476 353 scenis,
1494 314 1569 358 per
1586 299 1777 341 omnium

438 373 681 435 linguarum
694 376 934 419 histriones.
947 378 1131 420 Munera
1144 392 1231 419 non
1250 377 1291 420 in
1313 376 1406 420 foro
1430 375 1578 431 modo,
1594 392 1672 419 nec
1691 393 1781 419 am-

438 453 701 514 phitheatro,
727 455 799 498 sed
825 456 867 498 in
893 456 1007 498 circo
1035 464 1076 498 et
1101 456 1143 498 in
1170 456 1329 516 Septis,
1353 466 1394 499 et
1421 454 1652 515 aliquando
1675 456 1781 499 nihil

439 543 594 592 praeter
619 535 888 577 venationem
915 533 1048 576 edidit
1077 550 1085 577 :
1113 533 1294 577 athletas
1327 551 1519 595 quoque,
1558 535 1784 577 exstructis

438 613 481 655 in
503 629 654 673 campo
673 613 833 656 Martio
858 611 1059 656 sedilibus
1077 611 1249 673 ligneis:
1270 614 1371 657 item
1392 612 1541 657 navale
1566 612 1784 673 proelium,

437 692 549 734 circa
563 692 750 735 Tiberim
776 701 926 735 cavato
952 689 1062 747 solo,
1079 692 1122 734 in
1143 708 1228 751 quo
1253 707 1366 736 nunc
1389 694 1607 737 Caesarum
1633 708 1785 735 nemus

438 780 512 813 est.
543 770 713 827 Quibus
740 769 889 814 diebus
916 770 1112 815 custodes
1136 772 1179 814 in
1208 772 1326 815 Urbe
1349 771 1578 832 disposuit,
1606 788 1658 814 ne
1685 771 1783 814 rari-

439 858 525 892 tate
548 851 860 893 remanentium
886 851 1199 911 grassatoribus
1225 851 1407 894 obnoxia
1434 860 1554 894 esset.
1582 853 1631 894 In
1658 851 1787 895 Circo

438 929 606 988 aurigas
634 945 912 989 cursoresque
944 939 985 972 et
1014 929 1273 973 confectores
1305 930 1512 985 ferarum,
1548 940 1589 973 et
1626 947 1788 972 nonun-

440 1023 569 1067 quam
595 1024 646 1050 ex
675 1008 936 1052 nobilissima
958 1010 1206 1069 juventute,
1236 1008 1452 1070 produxit.
1475 1009 1558 1053 Sed
1584 1019 1624 1052 et
1651 1009 1789 1068 Trojae

441 1086 584 1131 lusum
611 1088 745 1131 edidit
772 1088 1130 1148 frequentissime,
1158 1090 1371 1149 majorum
1397 1089 1668 1132 mimorumve
1693 1105 1791 1147 pue-

438 1183 588 1210 rorum
611 1167 792 1221 dilectu3
815 1169 941 1227 prisci
967 1168 1194 1228 decorique
1213 1169 1344 1211 moris
1369 1169 1636 1221 existimans,
1665 1166 1790 1210 clarae

439 1246 585 1306 stirpis
610 1245 797 1289 indolem
821 1247 882 1290 sic
905 1257 1134 1291 notescere.
1160 1250 1210 1291 In
1228 1247 1310 1290 hoc
1335 1246 1503 1290 ludicro
1526 1249 1574 1291 C.
1597 1247 1789 1290 Nonium

438 1327 740 1386 Asprenatem,
766 1325 887 1387 lapsu
918 1327 1183 1370 debilitatum
1203 1360 1214 1380 ,
1249 1342 1379 1369 aureo
1415 1336 1569 1385 torque
1593 1325 1789 1382 donavit:

440 1421 673 1464 passusque
697 1415 757 1448 est
789 1406 928 1465 ipsum
958 1415 1235 1465 posterosque
1264 1406 1472 1465 Torquati
1500 1405 1610 1448 ferre
1635 1422 1791 1466 cogno-

440 1499 552 1526 men.
579 1486 684 1527 Mox
710 1484 838 1527 finem
861 1484 959 1527 fecit
988 1483 1085 1528 talia
1112 1484 1286 1536 edendi,
1312 1480 1463 1528 Asinio>
1485 1483 1679 1528 Pollione
1702 1501 1792 1528 ora-

438 1572 532 1606 tore
558 1564 744 1623 graviter
770 1563 1066 1623 invidioseque
1091 1564 1134 1606 in
1162 1565 1281 1608 curia
1306 1574 1457 1623 questo
1476 1565 1688 1607 AEserniui
1716 1581 1790 1606 nc-

439 1642 550 1702 potis
575 1643 641 1685 sui
667 1659 832 1696 casum,
860 1644 931 1702 qui
968 1653 1009 1686 et
1042 1644 1130 1703 ipse
1156 1659 1253 1686 crus
1280 1643 1476 1704 fregerat.
1516 1642 1579 1686 Ad
1606 1645 1792 1686 scenicas

439 1738 612 1782 quoque
641 1731 682 1765 et
713 1720 987 1782 gladiatorias
1013 1739 1164 1783 operas
1194 1724 1321 1765 etiam
1354 1722 1569 1782 equitibus
1603 1722 1792 1765 romanis

439 1799 670 1861 aliquando
694 1818 795 1845 usus
817 1811 903 1857 est3
926 1818 1076 1845 verum
1102 1803 1238 1861 prius,
1264 1819 1394 1861 quam
1420 1800 1793 1845 senatusconsulto

440 1880 781 1924 interdiceretur.
801 1883 953 1924 Postea
976 1880 1080 1923 nihil
1098 1897 1218 1936 sane,
1242 1891 1526 1941 praeterquam
1548 1880 1791 1924 adolescen-

438 1958 576 2003 tulum
603 1961 808 2017 Lucium,
832 1962 1010 2004 honeste
1036 1970 1204 2015 natum,
1231 1960 1443 2014 exhibuit3
1469 1969 1637 2003 tantum
1662 1970 1708 2003 ut
1729 1977 1793 2003 os-

438 2039 656 2094 tenderet,
679 2040 796 2100 quod
821 2050 912 2084 erat
935 2040 1122 2100 bipedali
1150 2040 1310 2095 minor,
1327 2038 1534 2083 librarum
1556 2040 1790 2099 septemde-

438 2119 541 2169 cim,
569 2135 619 2162 ac
658 2120 773 2161 vocis
809 2119 1037 2163 immensae.
1067 2119 1271 2175 Quodam
1303 2128 1445 2162 autem
1471 2119 1662 2162 muneris
1697 2118 1787 2172 die,

437 2197 696 2240 Parthorum
721 2197 910 2253 obsich,
937 2208 1042 2241 tunc
1081 2199 1268 2258 primum
1296 2199 1464 2254 missos,
1492 2215 1568 2259 per
1601 2197 1784 2241 mediam

436 2291 608 2318 arenam
643 2276 695 2318 ad
724 2276 1015 2336 spectaculum
1046 2277 1238 2334 induxit,
1266 2294 1480 2338 superque
1516 2294 1559 2321 se
1588 2276 1788 2321 subsellio

437 2355 624 2397 secundo
657 2354 895 2399 collocavit.
937 2356 1111 2400 Solebat
1138 2358 1265 2400 etiam
1300 2358 1407 2400 citra
1444 2355 1788 2417 spectaculorum

437 2432 548 2487 dies,
570 2435 603 2476 si
624 2434 798 2494 quando
821 2434 925 2494 quid
946 2436 1210 2479 invisitatum
1232 2435 1332 2495 dign
1342 2452 1499 2495 umque
1519 2436 1696 2496 cognitu
1715 2434 1787 2477 ad-

438 2523 606 2556 vectum
632 2524 762 2570 esset,
790 2515 831 2557 id
856 2525 973 2558 extra
997 2515 1192 2557 ordinem
1217 2514 1407 2573 quolibet
1434 2514 1529 2558 loco
1547 2513 1785 2574 publicare:

437 2601 485 2633 ut.
511 2593 825 2648 rhinocerotem
865 2593 979 2652 apud
1004 2595 1155 2652 Septa,
1180 2593 1325 2651 tigrim
1353 2610 1393 2636 in
1423 2609 1569 2647 scena,
1600 2610 1783 2654 anguem
