1988 3439
175 273 233 286 flflru
238 275 265 287 ..ἢ
268 275 358 287 xm
362 274 609 289 1484Μὶὶὶὣὶ
613 272 1052 288 ΚᾝΏΜΜΜᾸΛΜ
1055 273 1363 288 mmmtwmm
1369 273 1426 286 MS
1430 272 1554 285 'mum

610 521 1112 589 TIBERIUS.

173 1004 204 1046 I.
243 965 497 1048 pumen&
532 1020 637 1066 gens
675 1003 861 1050 Claudia
893 1003 1001 1066 (fuit
1030 1004 1146 1047 enim
1180 1012 1222 1046 et
1252 1001 1335 1045 alia
1365 999 1561 1063 plebeia,

174 1100 251 1129 nec
278 1085 476 1146 potentia
504 1086 669 1144 minor,
700 1102 778 1130 nee
805 1084 1043 1147 dignitate)
1069 1094 1167 1129 orta
1190 1093 1255 1128 est
1281 1100 1331 1127 ex
1358 1081 1561 1143 Regillis,

173 1165 338 1227 oppido
367 1167 646 1211 Sabinorum.
679 1167 788 1210 Inde
820 1170 1007 1211 Romam
1038 1183 1185 1210 recens
1213 1164 1434 1209 conditam
1463 1180 1562 1207 cum

174 1262 331 1307 magna
353 1246 578 1291 clientium
600 1264 733 1292 manu
755 1248 1080 1308 commigravit,
1101 1256 1279 1291 auctore
1292 1246 1393 1289 Tito
1413 1245 1563 1300 Tatio,

174 1337 376 1371 consorte
401 1327 605 1385 Romuli,
634 1328 724 1385 vel,
751 1328 870 1389 quod
899 1329 1036 1389 magis
1065 1336 1261 1381 constat,
1294 1328 1397 1370 Atta
1430 1323 1563 1370 Clau—

175 1408 269 1463 dio,
290 1409 429 1469 gentis
455 1410 679 1469 principe,
707 1419 805 1470 post
829 1425 951 1469 reges
971 1418 1146 1452 exactos
1168 1416 1289 1451 sexto
1313 1405 1400 1449 fere
1425 1421 1563 1461 anno,

173 1504 198 1531 a
224 1489 420 1549 patribus
452 1490 494 1532 in
530 1490 733 1550 patricias
770 1498 987 1549 cooptata.
1025 1490 1193 1549 Agrum
1232 1487 1412 1546 insuper
1444 1495 1564 1528 trans

174 1571 383 1615 Anienem
416 1570 676 1625 clientibus,
710 1570 948 1630 locumque
979 1570 1061 1614 sibi
1095 1568 1149 1612 ad
1185 1566 1457 1629 sepulturam
1484 1566 1564 1610 sub

173 1650 393 1712 Capitolio
411 1650 583 1713 publice
601 1652 781 1713 accepit.
804 1652 1045 1713 Deinceps,
1064 1649 1328 1712 procedente
1346 1658 1564 1709 tempore,

175 1731 501 1793 duodetriginta
525 1731 797 1790 consulatus,
830 1732 1069 1776 dictaturas
1103 1731 1322 1791 quinque,
1356 1745 1564 1774 censuras

175 1822 363 1873 septem,
395 1814 640 1875 triumphos
673 1824 863 1874 septem,
892 1813 1001 1857 duas
1028 1813 1276 1868 ovationes,
1304 1811 1461 1871 adepta
1487 1819 1564 1853 est.

174 1895 324 1950 Quum
350 1895 694 1955 praenominibus
719 1895 1144 1956 cognominibusque
1168 1893 1298 1937 variis
1325 1892 1566 1952 distingue-

176 1985 318 2032 retur,
349 1976 474 2019 Lucii
507 1992 759 2037 praenomen
788 1992 1003 2019 consensu
1031 1974 1304 2035 repudiavit,
1331 1982 1563 2033 postquam

175 2073 197 2099 e
223 2056 393 2100 duobus
421 2055 679 2117 gentilibus,
712 2055 904 2118 praeditis
929 2073 1007 2112 eo,
1035 2054 1144 2099 alter
1170 2054 1408 2110 latrocinii,
1437 2052 1564 2096 caedis

175 2136 283 2180 alter
317 2138 542 2181 convictus
581 2147 657 2181 est.
693 2140 814 2182 Inter
847 2138 1109 2199 cognomina
1133 2145 1278 2180 aulem
1303 2145 1346 2179 et
1373 2135 1564 2179 Neronis

176 2218 398 2272 assumsit,
414 2235 502 2277 quo
516 2219 790 2280 significatur
804 2218 954 2280 lingua
968 2218 1129 2262 Sabina
1141 2217 1266 2261 sortis
1281 2234 1329 2260 ac
1342 2226 1559 2260 strenuus.

240 2302 295 2343 ΙΙ.
315 2297 458 2342 Multa
472 2298 712 2341 multorum
731 2298 1020 2342 Claudiorum
1035 2300 1209 2360 egregia
1228 2299 1402 2354 merita,
1422 2295 1563 2341 multa

177 2382 308 2425 etiam
333 2396 456 2424 secus
476 2378 661 2423 admissa
683 2378 726 2422 in
747 2378 1064 2440 rempublicam
1086 2389 1269 2422 exstant.
1293 2378 1378 2423 Sed
1395 2388 1444 2422 ut
1462 2394 1566 2438 prae-

178 2463 306 2524 cipua
327 2477 683 2516 commemorem,
708 2461 880 2521 Appius
901 2461 1051 2504 Caecus
1076 2460 1327 2504 societatem
1348 2476 1448 2502 cum
1464 2475 1564 2518 rege

178 2543 367 2604 Pyrrho,
406 2552 454 2586 ut
489 2559 645 2603 parum
684 2539 929 2598 salubrem,
973 2541 1072 2584 iniri
1103 2540 1318 2584 dissuasit.
1354 2538 1564 2584 Claudius

180 2624 362 2670 Caudex
398 2625 585 2685 primus,
612 2623 722 2667 freto
753 2620 886 2666 classe
913 2623 1115 2682 trajecto,
1142 2624 1298 2665 Poenos
1323 2619 1469 2664 Sicilia
1492 2636 1562 2663 cx-

183 2704 305 2766 pulit.
332 2705 542 2749 Claudius
576 2706 689 2748 Nero
718 2703 1020 2747 a‹lv‹.=1iic11tein
1052 2721 1099 2747 cx
1131 2703 1340 2763 Hispania
1366 2718 1464 2745 cum
1497 2703 1562 2743 in-
