1988 3439
870 250 1049 284 GALBA.

268 336 400 380 stanti
434 335 589 379 vitium
623 334 821 395 corporis
852 343 1022 377 secreto
1058 335 1198 395 posita
1239 346 1355 379 veste
1385 336 1568 393 detexit,
1603 356 1658 382 ue

269 417 392 478 quasi
431 417 628 479 ignaram
670 412 820 458 fallere
855 413 1090 459 videretur.
1134 417 1198 459 Ex
1234 416 1426 460 Achaica
1471 416 1659 475 liberos,

267 499 423 543 Caium
445 507 489 542 et
509 497 711 542 Servium
729 530 740 552 ,
765 497 1024 556 procreavit.
1051 497 1257 554 Quorum
1284 497 1424 558 major
1447 501 1578 543 Caius
1599 510 1660 544 at-

267 580 379 624 tritis
405 577 686 624 facultatibus
711 576 834 621 Urbe
861 577 990 621 cessit
1021 595 1029 620 :
1064 577 1400 640 prohibitusque
1429 596 1453 624 a
1482 581 1658 626 Tiberio

267 660 415 704 sortiri
438 675 555 704 anno
577 674 656 702 suo
677 656 1038 719 proconsulatum
1054 693 1064 713 ,
1090 658 1341 704 voluntaria
1368 671 1508 705 morte
1535 662 1656 707 obiit.

329 742 405 785 IV.
436 741 557 784 Serv.
584 737 728 784 Galba
755 739 1012 800 imperator,
1040 741 1102 785 M.
1131 740 1309 785 Valerio
1334 741 1544 798 Messala,
1574 744 1655 788 Cn.

264 818 456 866 Lentulo
485 817 767 876 consulibus,
795 829 922 864 natus
951 830 1038 877 est,
1066 837 1111 865 ix
1137 820 1344 866 kalendas
1367 823 1585 883 januarii,
1613 825 1656 868 in

263 900 366 946 villa
399 899 502 945 colli
538 903 841 962 superposita,
869 918 1008 963 prope
1041 902 1352 959 Terracinam,
1379 904 1657 948 sinistrorsus

262 981 439 1027 Fundos
457 982 722 1044 petentibus.
740 981 987 1043 Adoptatus
1010 999 1033 1027 a
1056 1000 1242 1028 noverca
1265 1000 1365 1037 sua,
1386 985 1560 1028 Livium
1579 1002 1659 1030 no-

262 1080 360 1108 men
390 1073 434 1108 et
456 1061 618 1109 Ocellae
644 1080 888 1125 cognomen
914 1065 1146 1119 assumsit,
1172 1075 1341 1109 mutato
1371 1067 1654 1126 praenomine.

262 1146 376 1189 Nam
398 1154 441 1189 et
462 1146 652 1190 Lucium
672 1161 773 1189 mox
791 1162 872 1206 pro
896 1145 1048 1189 Servio
1068 1162 1207 1206 usque
1230 1146 1285 1190 ad
1313 1156 1485 1208 tempus
1513 1148 1654 1208 impe—

261 1227 314 1270 rii
336 1227 579 1288 usurpavit.
601 1226 813 1283 Constat,
834 1229 1080 1287 Augustum
1102 1243 1241 1287 puero
1264 1227 1428 1281 adhuc,
1448 1227 1657 1273 salutanti

261 1323 308 1351 se
346 1308 460 1351 inter
493 1306 707 1368 aequales,
745 1307 1019 1368 apprehensa
1049 1307 1235 1352 buccula
1269 1308 1449 1362 dixisse,
1482 1329 1548 1353 κκι
1585 1308 1653 1365 σύ,

261 1383 412 1444 τέκνον,
431 1387 502 1443 τΞς
527 1386 661 1444 αἱρῇ-Ξ,-
684 1387 803 1444 §7qu
824 1384 1087 1451 πχςκτρῶξχ.
1109 1388 1194 1432 Sed
1213 1399 1252 1432 et
1272 1390 1496 1445 Tiberius,
1518 1408 1655 1452 quum

261 1470 567 1530 comperisset,
592 1470 912 1530 imperaturum
933 1486 1054 1524 eum,
1083 1486 1235 1513 verum
1260 1472 1300 1513 in
1327 1481 1520 1528 senecta,
1543 1492 1562 1513 «
1578 1474 1655 1515 Vi-

260 1558 332 1593 vat
356 1565 484 1605 sane,
503 1569 524 1591 n
549 1550 635 1606 ait,
661 1570 680 1591 «
701 1549 879 1610 quaudo
901 1550 944 1593 id
973 1549 1027 1594 ad
1055 1567 1132 1593 nos
1157 1549 1264 1593 nihil
1292 1552 1496 1612 pertinet.
1513 1571 1533 1592 n
1559 1555 1654 1596 Avo

258 1646 436 1691 quoque
465 1632 558 1691 ejus
588 1629 739 1692 fulgur
776 1631 1057 1692 procuranti,
1085 1648 1221 1691 quum
1248 1642 1345 1675 exta
1369 1632 1423 1675 (le
1451 1633 1654 1676 manibus⁴

261 1709 408 1771 aquila
438 1712 686 1772 rapuisset,
712 1722 754 1756 et
781 1713 823 1755 in
849 1711 1106 1773 frugiferam
1135 1730 1346 1773 quercum
1376 1713 1655 1769 contulisset,

260 1807 518 1851 responsum
553 1802 643 1847 est,
678 1809 926 1847 summum,
963 1793 1036 1836 sed
1072 1811 1241 1850 serum,
1275 1795 1506 1856 imperium
1551 1812 1654 1856 por-

264 1870 383 1915 tendi
410 1871 597 1915 samiliae.
625 1874 680 1915 Et
707 1871 777 1915 illi·
803 1872 1011 1928 irridens,
1039 1893 1058 1914 «
1077 1875 1214 1928 Saue,
1234 1894 1254 1915 »
1280 1875 1450 1935 inquit,
1477 1895 1496 1916 (ι
1518 1893 1653 1936 quum

263 1950 383 1996 mula
408 1953 680 2013 pepererit.»
706 1951 825 1996 Nihil
860 1969 981 2013 aeque
1012 1963 1163 2013 postea
1195 1953 1384 1998 Galbam
1414 1965 1652 2000 tentantem

263 2049 332 2076 res
366 2049 501 2077 novas
533 2032 836 2088 confirmavit,
870 2050 1001 2094 quam
1034 2033 1165 2077 mulae
1200 2045 1351 2096 partus
1379 2052 1386 2077 :
1415 2036 1656 2096 ceterisque

262 2123 312 2157 ut
339 2113 592 2158 obscoenum
616 2123 837 2158 ostentum
869 2115 1238 2170 abhorrentibus,
1268 2114 1385 2159 solus
1417 2133 1496 2175 pro
1526 2116 1654 2160 laetis·

262 2195 372 2238 simo
400 2195 566 2256 accepit
584 2230 594 2248 ,
622 2211 790 2238 memor
821 2195 1048 2250 sacrificii,
1074 2194 1267 2256 dictique
1293 2197 1376 2240 avi.
1406 2197 1560 2240 Sumta
1591 2198 1654 2240 vi-

262 2274 332 2319 rili
359 2285 459 2336 toga
480 2310 491 2330 ,
517 2276 749 2319 somniavit
773 2278 1011 2320 Fortunam
1042 2275 1258 2320 (licentem
1275 2312 1286 2331 ‚
1312 2287 1464 2320 «stare
1491 2294 1534 2320 se
1554 2288 1654 2321 ante.

263 2357 378 2400 sores
402 2356 638 2410 defessam,
661 2366 702 2399 et
718 2391 728 2409 ‚
760 2356 840 2399 nisi
865 2357 986 2400 ocius
1012 2357 1293 2417 reciperetur,
1311 2359 1560 2418 cuicunque
1581 2359 1656 2401 ob—

263 2438 334 2481 vio
358 2437 515 2499 praedm
543 2436 750 2480 futuram.
772 2458 791 2477 »
816 2439 965 2497 thue
985 2436 1237 2498 evigilavit,
1263 2448 1414 2499 aperto
1435 2440 1546 2481 atrio
1564 2474 1574 2491 ,
1602 2440 1656 2481 si-

262 2517 507 2562 mulacrum
547 2534 711 2562 a‘ueum
759 2517 873 2574 ‹lcae,
917 2517 1097 2562 cubitali
1141 2519 1278 2578 majus
1301 2554 1311 2573 ‚
1350 2519 1475 2578 juxta
1521 2518 1654 2563 limen

264 2600 428 2644 invenit
458 2618 465 2642 :
495 2599 624 2660 idque
651 2600 816 2661 gremio
841 2615 921 2644 suo
942 2598 1181 2643 Tusculum
1200 2635 1209 2646 ,
1237 2600 1309 2642 ubi
1332 2601 1528 2643 :estivare
1554 2617 1650 2643 eon-

263 2689 435 2734 suerat,
475 2682 640 2731 avexit,
676 2690 714 2722 vt
754 2681 793 2724 in
829 2690 953 2741 parte
985 2679 1140 2724 redium
1179 2690 1503 2723 «inseri-atum.
1540 2697 1653 2723 meu-

1429 2779 1436 2804 1
1453 2798 1457 2803 .
