1988 3407
485 211 552 247 DE
577 209 902 246 ILLUSTRIBUS
933 210 1311 246 GRAMMATICIS.
1566 216 1613 260 97»

219 303 262 338 ct
286 293 425 338 audiit
449 304 492 339 et
517 295 711 338 imitatus
733 302 796 337 est
821 290 1081 337 Cornelium
1114 292 1436 354 Alexandrum,
1463 314 1613 358 gram-

220 376 428 419 maticum
466 392 654 437 graecum
692 393 701 418 :
731 390 862 434 quem
893 383 1077 434 propter
1108 374 1382 435 antiquitatis
1408 379 1611 422 notitiam

217 457 539 518 Poly‘lzistorem
569 455 720 512 multi,
750 454 929 516 quidam
955 455 1203 499 Historiam
1232 456 1463 501 vocabant.
1497 461 1611 503 Prae-

217 537 299 581 fuit
339 536 543 600 palatiuae
578 535 856 580 bibliothecae
888 552 896 578 :
929 552 1010 579 nec
1044 552 1095 579 eo
1121 536 1260 580 secius
1286 536 1501 597 plurimos
1532 539 1611 583 ‹lo-

216 619 307 662 cuit
333 635 342 662 2
371 618 541 678 fuitque
569 616 934 661 familiarissimus
958 616 1120 661 Ovidio
1147 627 1309 678 poetae,
1340 627 1382 662 et
1404 620 1510 664 Caio
1534 622 1610 664 Li-

215 700 332 743 cinio
357 697 576 744 consulari
593 732 604 749 ‚
634 698 867 753 historic03
890 698 964 758 qui
987 714 1086 741 cum
1108 697 1350 743 admodum
1371 716 1607 762 pauperem

216 779 449 824 decessisse
474 778 636 834 tradit,
666 788 707 822 et
740 777 1002 823 liberalitate
1027 796 1104 823 sua
1121 815 1132 836 ,
1157 779 1303 840 quoad
1331 780 1510 836 vixerit,
1535 799 1608 826 su-

213 870 468 904 stentatum.
504 860 646 920 Hujus
674 858 856 904 libertus
884 859 966 904 fuit
989 861 1130 904 Julius
1158 861 1411 919 Modestus,
1440 863 1482 906 in
1512 873 1605 907 stu-

211 940 294 985 diis
324 950 454 1001 atque
483 940 686 985 doctrina
715 941 896 1002 vestigia
926 942 1102 1002 patroni
1126 952 1313 987 secutus.

272 1023 392 1066 XXI.
436 1024 485 1067 C.
521 1020 749 1077 Melissus,
788 1020 958 1082 Spoleti
991 1032 1140 1079 natus,
1168 1023 1413 1084 ingenuus,
1448 1025 1522 1069 sed
1547 1027 1603 1070 ol)

207 1100 472 1147 discordiam
501 1113 731 1164 parentum
765 1103 987 1163 expositus
1007 1137 1018 1159 ,
1051 1120 1156 1147 cura
1182 1113 1223 1148 et
1255 1104 1469 1149 industria
1498 1106 1604 1151 edu-

209 1185 371 1228 catoris
410 1184 475 1228 sui
520 1183 677 1227 altiora
717 1183 860 1227 studia
903 1185 1120 1245 percepit,
1162 1201 1212 1228 ac
1252 1187 1482 1231 Maecenati
1520 1205 1601 1248 pro

208 1265 498 1327 grammatico
536 1266 707 1308 muneri
745 1264 872 1308 datus
907 1274 982 1308 est.
1015 1265 1098 1309 Cui
1127 1283 1264 1326 quum
1291 1284 1335 1311 se
1361 1279 1534 1329 gratum
1559 1280 1602 1314 et

206 1356 437 1407 acceptum
459 1346 501 1389 in
524 1346 703 1389 modum
727 1346 855 1389 amici
882 1345 1067 1403 videret,
1089 1363 1356 1408 quamquam
1379 1361 1599 1394 asserente

205 1436 370 1480 matre,
395 1427 635 1487 permansit
660 1435 803 1470 tamen
830 1427 871 1469 in
901 1436 1016 1470 statu
1040 1428 1287 1485 servitutis,
1315 1441 1599 1490 praesentem-

204 1523 289 1568 que
309 1506 608 1551 conditionem
634 1523 745 1550 verae
770 1507 931 1568 origini
949 1509 1211 1569 anteposuit.
1231 1510 1381 1566 Quare
1405 1513 1491 1556 cito
1515 1530 1598 1557 ma-

205 1589 453 1643 numissus,
482 1591 682 1648 Augusto
707 1589 838 1632 etiam
861 1589 1109 1633 insinuatus
1129 1600 1211 1646 est;
1233 1607 1321 1651 quo
1344 1591 1595 1654 delegante,

199 1685 353 1713 curam
378 1668 725 1713 ordinandarum
748 1667 1113 1714 bibliothecarum
1143 1672 1185 1714 in
1208 1673 1402 1716 Octaviae
1423 1676 1594 1734 porticu

200 1750 403 1811 suscepit.
436 1753 604 1810 Atque,
629 1759 676 1793 ut
707 1750 798 1810 ipse
828 1749 980 1803 tradit,
1009 1753 1324 1812 sexagesimum
1348 1754 1488 1797 aetatis
1519 1772 1594 1798 an-

203 1848 306 1874 num
336 1847 490 1892 agens,
514 1829 686 1874 libellos
711 1831 1013 1893 meptiarum,
1047 1833 1121 1891 qui
1147 1849 1264 1877 nunc
1290 1837 1495 1879 locorum
1523 1836 1592 1879 in-

200 1912 453 1956 scribuntur
470 1945 481 1966 ,
505 1927 769 1971 componere
796 1912 984 1955 instituit
1013 1929 1021 1954 :
1045 1911 1321 1973 absolvitque
1346 1925 1522 1959 centum
1551 1927 1594 1960 et

198 1993 544 2054 quinquaginta,
578 1992 737 2052 quibus
765 2002 806 2035 et
833 1991 940 2035 alios
970 1991 1131 2035 diversi
1158 1994 1302 2053 operis
1331 2005 1483 2054 postea
1511 1996 1589 2039 ad-

197 2073 322 2117 didit.
354 2074 472 2117 Fecit
501 2082 542 2116 et
580 2089 743 2116 novum
779 2089 916 2132 genus
945 2074 1242 2133 Togatarum,
1283 2075 1590 2136 inscripsitque

206 2153 468 2199 Trabeatas.

261 2237 407 2279 XXII.
436 2237 498 2279 M.
527 2236 796 2296 Pomponius
819 2235 1076 2290 Marcellus,
1103 2237 1316 2281 sermonis
1341 2235 1465 2281 latini
1492 2254 1588 2281 exa-

195 2327 289 2361 ctor
315 2315 644 2360 molestissimus
661 2351 672 2371 ,
703 2317 745 2359 in
773 2315 1058 2361 advocatione
1085 2317 1273 2377 quadam
1297 2318 1422 2379 (nam
1452 2319 1585 2362 inter-

196 2397 300 2441 dum
318 2407 358 2441 et
390 2413 540 2441 causas
560 2396 739 2458 agebat)
758 2395 1050 2441 soloecismum
1075 2398 1129 2441 ab
1149 2398 1399 2443 adversario
1424 2399 1585 2443 factum

194 2494 333 2539 usque
362 2477 474 2521 adeo
505 2493 689 2538 arguere
722 2479 1044 2538 perseveravit,
1074 2478 1219 2539 quoad
1250 2480 1424 2523 Cassius
1450 2482 1583 2523 Seve-

194 2575 290 2614 rus,
318 2555 605 2619 interpellatis
628 2556 876 2617 judicibus,
916 2558 1169 2603 dilationem
1196 2560 1319 2620 petiit
1348 2577 1357 2602 z
1382 2580 1401 2600 «
1425 2570 1470 2603 ut
1496 2559 1583 2603 liti-

194 2646 318 2697 gator
343 2653 446 2681 suus
473 2636 606 2681 alium
636 2639 967 2697 grammaticum
998 2640 1252 2693 adhiberet3
1278 2640 1454 2699 quando
1497 2658 1582 2684 non
