1988 3439
641 271 678 304 C.
710 271 881 306 JtssLIUs
913 274 1091 311 CAESAR.
1512 284 1556 317 {513

184 348 309 394 ritate
340 361 470 411 atque
501 352 782 414 indulgentia.
817 359 916 402 Non
947 375 1063 403 enim
1099 362 1258 421 ubique
1287 381 1335 408 ac
1362 383 1557 428 semper,

182 431 254 474 sed
294 450 429 493 quum
470 436 605 480 hostis
645 438 687 481 in
728 441 926 499 proximo
967 452 1103 498 esset,
1146 446 1373 490 coercebat
1413 466 1422 491 :
1462 459 1556 493 tum

182 514 365 558 maxime
391 527 566 561 exactor
591 521 873 579 gravissimus
900 523 1164 586 disciplinae,
1192 536 1241 570 ut
1267 544 1407 588 neque
1436 531 1556 574 itine-

179 593 236 637 ris
272 612 412 656 neque
448 597 588 658 proelii
625 611 797 662 tempus
832 602 1134 662 denuntiaret,
1172 607 1246 651 sed
1280 619 1480 669 paratum
1516 622 1555 655 et

178 673 392 720 intentum
428 684 660 726 momentis
693 686 919 743 omnibus,
955 703 1043 747 quo
1080 686 1230 745 vellet,
1268 691 1413 735 subito
1448 692 1554 736 edu·

174 766 301 800 ceret.
354 758 486 815 Quod
533 764 664 807 etiam
711 768 806 810 sine
853 784 981 812 causa
1033 769 1293 832 plerumque
1342 773 1555 831 faciebat,

173 840 388 902 praecipue
421 841 580 902 pluviis
619 855 661 889 et
696 846 814 891 festis
851 848 1016 893 diebus.
1058 853 1120 895 Ac
1161 854 1372 912 subinde,
1409 856 1555 899 obser-

174 921 364 967 vandum
401 942 445 969 se
484 926 750 983 admonens,
777 942 956 993 repente
986 933 1174 979 interdiu
1202 935 1269 980 vel
1300 947 1426 981 nocte
1452 938 1554 981 sub-

173 1003 395 1062 trahebat3
421 1008 697 1070 augebatque
722 1011 827 1069 iter,
856 1024 904 1058 ut
934 1016 1069 1060 scrius
1097 1017 1407 1078 subsequentes
1436 1018 1553 1062 defa-

170 1084 339 1146 tigaret.

230 1168 388 1213 LXVI.
426 1173 557 1217 Fama
574 1191 678 1219 vcro
696 1178 921 1222 hostilium
941 1181 1168 1241 copiarum
1189 1182 1444 1241 perterritos
1462 1199 1548 1225 non

170 1249 368 1309 negando
397 1253 711 1315 minuendove,
746 1258 819 1302 sed
852 1260 1029 1321 insuper
1061 1258 1369 1322 amplificando
1401 1279 1547 1306 emen-

170 1330 415 1392 tiendoque,
428 1334 729 1383 confirmabat.
741 1341 893 1400 Itaque
908 1358 1044 1400 quum
1058 1344 1322 1402 exspectatio
1337 1343 1549 1387 adventus

164 1411 285 1456 Jubae
310 1416 512 1461 terribilis
533 1429 664 1474 esset,
688 1421 938 1464 convocatis
961 1420 1015 1464 ad
1036 1423 1291 1466 concionem
1314 1424 1523 1468 militibus
1538 1461 1549 1480 ,

164 1512 183 1531 α
203 1493 389 1552 Scitote,
424 1498 590 1558 inquit,
622 1502 892 1562 paucissimis
924 1502 990 1546 his
1021 1501 1173 1547 diebus
1205 1521 1352 1565 regem
1385 1505 1548 1549 affutu-

163 1589 261 1617 rum
304 1591 404 1620 cum
449 1578 597 1624 decem
640 1580 911 1644 legionibus,
956 1585 1153 1644 equitum
1196 1587 1402 1647 triginta,
1443 1585 1548 1631 levis

162 1666 393 1702 armaturae
414 1671 590 1706 centum
612 1662 826 1721 millibus,
848 1664 1091 1726 elephantis
1114 1668 1329 1711 trecentis.
1357 1668 1547 1712 Proinde

162 1736 362 1782 desinant
393 1731 574 1801 quidam
607 1761 801 1805 quaerere
837 1745 951 1790 ultra
987 1757 1063 1791 aut
1098 1749 1295 1808 opinari,
1327 1749 1545 1810 miliique,

161 1819 235 1878 qui
267 1833 542 1883 compertum
574 1826 736 1885 habeo,
769 1828 951 1874 credant
983 1849 991 1875 ς
1024 1843 1101 1876 aut
1131 1832 1308 1893 quidem
1341 1832 1544 1875 vetustis-

159 1900 266 1944 sima
297 1919 405 1946 nave
431 1905 682 1966 impositos,
708 1926 974 1972 quocunque
1000 1924 1156 1970 vento,
1184 1914 1228 1957 in
1257 1930 1544 1973 quascunque

160 1990 317 2039 terras,
341 1983 507 2043 jubebo
531 1989 669 2033 avehi.
689 2010 709 2030 »

223 2064 404 2109 LXVII.
442 2066 615 2114 Delicta
641 2089 782 2133 neque
807 2075 1062 2119 observabat
1093 2078 1265 2134 omnia,
1293 2093 1433 2137 neque
1460 2094 1540 2137 pro

161 2143 289 2188 modo
313 2150 633 2208 exsequebatur
659 2170 667 2196 ε
696 2154 770 2197 sed
797 2155 1068 2201 desertorum
1095 2176 1143 2202 ac
1168 2159 1474 2202 seditiosorum
1500 2168 1540 2201 et

162 2223 392 2283 inquisitor
425 2239 466 2271 ct
498 2233 678 2289 punitor
709 2239 974 2293 acerrimus,
1004 2240 1265 2283 connivebat.
1294 2242 1335 2283 in
1371 2240 1535 2283 ceteris.

163 2306 221 2346 Ae
263 2322 580 2368 nonnunquam
619 2325 715 2372 post
757 2333 958 2377 magnam
1000 2336 1191 2379 pugnam
1231 2331 1362 2380 atque
1400 2322 1538 2363 victo-

159 2383 294 2442 riam,
339 2390 518 2435 remisso
563 2394 804 2439 officiorum
855 2415 1060 2453 munere,
1103 2399 1320 2444 licentiam
1363 2419 1536 2445 omnem

161 2467 316 2524 passim
350 2466 600 2516 lasciviendi
635 2477 938 2534 permittebat3
972 2478 1136 2538 jactare
1171 2479 1348 2539 solitus,
1383 2484 1539 2528 milites

158 2560 260 2589 snos
291 2550 418 2593 eliam
456 2564 747 2616 unguentatos
783 2557 886 2602 hene
911 2578 1118 2622 pugnare
1142 2578 1277 2622 passe
1303 2584 1315 2607 .·
1347 2584 1423 2608 nec
1454 2570 1533 2611 ml—

157 2625 248 2670 liles
271 2644 342 2672 cos
370 2647 449 2690 pro
475 2635 708 2693 concione,
736 2639 808 2682 sed
837 2638 1052 2685 blandiori
1082 2646 1256 2688 nominc
1280 2649 1531 2692 contrudim-

159 2725 233 2753 πω
264 2712 535 2773 appellabat:
570 2717 842 2780 habebatque
878 2731 964 2766 tam
999 2724 1164 2783 cultos,
1199 2739 1246 2771 nt
1281 2741 1460 2790 argento
1492 2742 1533 2773 ct

1301 2809 1338 2850 1²».
