1988 3439
596 280 841 314 OCTAVIUS
874 282 1130 319 AUGUSTUS
1493 303 1501 323 ι
1519 302 1529 323 ι
1544 289 1560 322 Γι

177 371 358 421 propter
391 364 492 405 anni
528 373 725 422 tempuS,
754 380 889 423 quum
919 365 1107 410 interdiu
1140 369 1180 411 in
1212 369 1385 415 basilica
1418 373 1561 433 cujus-

175 458 258 501 que
283 443 457 503 oppidi,
486 442 549 486 vel
577 444 620 487 in
648 444 805 487 aedium
831 463 1053 491 sacrarum
1084 451 1297 507 maxima,
1326 469 1560 513 reponere—

174 530 259 565 tur.
290 526 326 567 A
352 522 529 567 Bovillis
555 534 756 584 equester
781 525 891 570 ordo
916 530 1130 589 suscepit,
1159 531 1360 592 Urbique
1388 534 1560 585 intulit,

172 611 303 663 atque
324 604 367 647 in
388 603 604 649 vestibulo
626 604 781 650 domus
802 606 1045 654 collocavit.
1067 612 1253 656 Senatus
1277 622 1319 656 et
1342 614 1386 658 in
1408 613 1560 659 funere

171 682 392 740 ornando,
418 695 460 728 et
487 685 531 729 in
557 688 768 731 memoria
797 688 1079 746 honoranda,
1105 708 1156 736 eo
1185 693 1331 738 studio
1349 696 1558 740 certatim

172 779 427 826 progressus
459 776 543 823 est,
576 777 625 811 ut
654 769 768 812 inter
796 769 879 814 alia
912 771 1143 833 complura
1176 777 1428 820 censuerint
1462 778 1558 839 qui·

170 844 295 901 dam,
334 845 465 891 funus
503 849 761 911 triumphali
801 862 928 913 porta
969 852 1248 913 ducendum,
1287 857 1560 918 praecedente

168 926 385 984 Victoria,
416 945 513 988 quae
542 940 606 974 est
636 931 678 974 in
716 933 858 988 curia,
888 935 1145 979 canentibus
1176 938 1360 982 naeniam
1394 941 1557 1000 princi-

168 1023 274 1067 pum
302 1007 448 1054 liberis
478 1012 707 1073 utriusque
736 1030 861 1059 sexus
890 1032 898 1058 ε
930 1014 1023 1073 alii,
1051 1019 1358 1079 exsequiarum
1387 1020 1455 1065 dic
1482 1038 1560 1082 po-

168 1087 334 1133 nendos
357 1089 543 1136 annulos
564 1108 741 1151 aureos,
765 1094 1017 1157 ferreosque
1040 1099 1274 1144 sumendos
1297 1117 1304 1143 :
1332 1100 1558 1157 nonnulli,

168 1166 349 1230 legenda
393 1187 489 1216 ossa
530 1190 608 1234 pcr
652 1175 897 1220 sacerdotes
941 1195 1215 1224 summorum
1256 1180 1556 1243 collegiorum.

165 1250 265 1293 Fuit
290 1260 356 1305 et,
384 1253 458 1311 qui
490 1253 713 1310 suaderet,
741 1256 1082 1317 appellationem
1111 1262 1270 1305 mensis
1300 1264 1487 1323 Augusti
1516 1264 1556 1306 in

165 1332 462 1392 Septembrem
494 1336 841 1381 transferendam
873 1356 882 1381 :
910 1339 1028 1399 quod
1064 1341 1147 1385 hoc
1177 1343 1351 1403 genitus
1379 1347 1554 1405 Augus·

166 1421 256 1468 tus,
282 1411 357 1455 illo
381 1412 614 1460 defunctus
636 1427 768 1472 essct3
795 1417 927 1474 alius,
950 1430 998 1463 ut
1023 1438 1152 1465 omne
1178 1432 1350 1485 tempus
1372 1442 1395 1468 a
1417 1427 1559 1486 primo

163 1491 232 1536 die
262 1492 396 1538 natali
428 1494 483 1538 ad
516 1497 681 1541 exitum
716 1499 831 1559 ejus,
855 1500 1049 1545 seculum
1077 1506 1330 1566 Augustum
1363 1506 1558 1568 appella-

164 1582 303 1630 retur,
324 1585 367 1618 ct
391 1575 449 1619 ita
475 1577 518 1620 in
545 1577 677 1623 fastos
701 1580 949 1625 referretur.
977 1585 1168 1640 Verum,
1195 1585 1392 1630 adhibito
1416 1588 1557 1631 hono-

164 1655 285 1699 ribus
311 1656 466 1714 modo,
498 1658 698 1704 bifariam
726 1660 930 1707 laudatus
957 1674 1021 1708 est
1050 1683 1058 1708 :
1087 1683 1168 1726 pro
1198 1667 1288 1711 aedc
1319 1670 1372 1712 D.
1405 1668 1507 1712 Julii
1535 1689 1559 1713 a

162 1737 361 1794 Tiberio,
387 1749 430 1783 et
459 1757 540 1801 pro
570 1744 724 1787 rostris
751 1745 970 1789 veteribus
1002 1763 1026 1790 a
1054 1749 1225 1805 Druso,
1253 1750 1415 1793 Tiberii
1443 1750 1557 1806 filio.;

163 1834 212 1861 ac
230 1829 482 1864 senatorum
507 1822 663 1867 humer
667 1825 700 1867 is
719 1823 889 1870 delatus
909 1827 952 1870 in
972 1830 1212 1890 Campum,
1237 1847 1369 1874 crem
1358 1842 1556 1893 atusqnc.

165 1899 256 1943 Nec
279 1899 417 1945 defuit
440 1903 506 1945 vir
524 1906 777 1963 praetorius,
802 1907 877 1966 qui
901 1924 944 1951 sc
965 1909 1155 1971 effigiem
1177 1913 1355 1955 ‹rcmati
1380 1923 1556 1957 euntem

164 1980 208 2024 in
243 1981 403 2026 coelum
435 1983 592 2028 vidisse
624 1986 807 2046 juraret.
845 1988 1066 2050 Reliquias
1103 1990 1305 2053 legerunt
1342 1995 1556 2054 primoics

162 2064 376 2122 equestiis
408 2064 599 2122 ordinis,
626 2068 809 2111 tunicati
841 2079 883 2112 ct
915 2069 1138 2128 discincti,
1170 2073 1444 2134 pedibusqu(
1472 2091 1554 2117 nu-

163 2141 251 2196 dis,
281 2161 329 2188 ac
356 2145 579 2190 mausoleo
601 2147 909 2193 condiderunt.
938 2151 987 2193 ld
1011 2168 1122 2213 opus
1149 2153 1263 2197 inter
1291 2153 1551 2199 Flaminiam

165 2224 278 2267 viam
304 2225 533 2286 ripamque
555 2229 724 2272 Tiberis
747 2240 867 2275 sexto
891 2248 971 2275 suo
997 2233 1227 2278 consulatu
1251 2245 1554 2288 exstruxerat3

163 2305 553 2367 circumjectasque
585 2308 713 2353 silvas
746 2321 788 2354 ot
821 2312 1143 2358 ambulationes
1175 2316 1218 2359 in
1245 2333 1373 2360 usum
1403 2316 1554 2378 populi

161 2385 247 2445 jam
275 2396 368 2430 tum
393 2387 651 2448 publicarat.

231 2469 302 2511 CI.
334 2470 692 2526 Testamentum,
727 2473 775 2514 L.
807 2471 996 2529 Planco,
1031 2476 1081 2517 (ἶ.
1126 2475 1233 2520 Silio
1273 2477 1555 2529 consulibus,

163 2549 292 2592 tertio
325 2549 474 2593 'Nonas
507 2551 691 2611 Aprilis,
720 2564 822 2597 ante
857 2572 1021 2599 annum
1057 2567 1094 2599 et
1132 2569 1325 2617 quatuor
1359 2577 1552 2615 menses,

161 2644 291 2688 quam
327 2623 579 2687 decederet,
615 2632 775 2677 sactum
813 2636 866 2679 ab
903 2654 978 2694 eo,
1011 2655 1062 2680 ac
1101 2638 1274 2682 (luobus
1307 2639 1554 2694 codicibus,

164 2711 321 2769 partim
360 2713 519 2771 ipsius,
552 2715 708 2773 partim
743 2715 999 2761 libertorum
1039 2718 1205 2779 polybii
1241 2731 1283 2763 et
1317 2720 1553 2764 Hilarionis

1318 2802 1356 2844 ὃ.
