<?xml version="1.0" encoding="UTF-8"?>
<!DOCTYPE html PUBLIC "-//W3C//DTD XHTML 1.0 Transitional//EN"
    "http://www.w3.org/TR/xhtml1/DTD/xhtml1-transitional.dtd">
<html xmlns="http://www.w3.org/1999/xhtml" xml:lang="en" lang="en">
 <head>
  <title>
</title>
<meta http-equiv="Content-Type" content="text/html;charset=utf-8" />
  <meta name='ocr-system' content='tesseract 3.04.00' />
  <meta name='ocr-capabilities' content='ocr_page ocr_carea ocr_par ocr_line ocrx_word'/>
</head>
<body>
  <div class='ocr_page' id='page_1' title='image "./operagro00suetuoft_0461.png"; bbox 0 0 1988 3407; ppageno 0'>
   <div class='ocr_carea' id='block_1_1' title="bbox 685 193 1622 229">
    <p class='ocr_par' dir='ltr' id='par_1_1' title="bbox 685 193 1622 229">
     <span class='ocr_line' id='line_1_1' title="bbox 685 193 1622 229; baseline 0 -1"><span class='ocrx_word' id='word_1_1' title='bbox 685 194 737 229; x_wconf 82' lang='lat' dir='ltr'>IN</span> <span class='ocrx_word' id='word_1_2' title='bbox 769 194 808 228; x_wconf 88' lang='lat' dir='ltr'>C.</span> <span class='ocrx_word' id='word_1_3' title='bbox 841 194 873 228; x_wconf 86' lang='lat' dir='ltr'>J.</span> <span class='ocrx_word' id='word_1_4' title='bbox 906 193 1168 229; x_wconf 71' lang='lat' dir='ltr'><strong>CAESAREM.</strong></span> <span class='ocrx_word' id='word_1_5' title='bbox 1557 193 1622 229; x_wconf 76' lang='lat'>151</span> 
     </span>
    </p>
   </div>
   <div class='ocr_carea' id='block_1_2' title="bbox 198 267 1628 2693">
    <p class='ocr_par' dir='ltr' id='par_1_2' title="bbox 222 267 1628 440">
     <span class='ocr_line' id='line_1_2' title="bbox 276 267 1627 318; baseline 0.001 -14"><span class='ocrx_word' id='word_1_6' title='bbox 276 270 405 304; x_wconf 79' lang='lat' dir='ltr'>Multis</span> <span class='ocrx_word' id='word_1_7' title='bbox 430 270 602 317; x_wconf 67' lang='lat' dir='ltr'>patlibus</span> <span class='ocrx_word' id='word_1_8' title='bbox 639 269 718 318; x_wconf 78' lang='lat' dir='ltr'>ipsi</span> <span class='ocrx_word' id='word_1_9' title='bbox 741 270 952 316; x_wconf 74' lang='lat' dir='ltr'>pauciores.</span> <span class='ocrx_word' id='word_1_10' title='bbox 992 268 1077 303; x_wconf 77' lang='lat' dir='ltr'>scil.</span> <span class='ocrx_word' id='word_1_11' title='bbox 1114 269 1235 302; x_wconf 88' lang='lat' dir='ltr'>multo</span> <span class='ocrx_word' id='word_1_12' title='bbox 1278 267 1348 314; x_wconf 85' lang='lat' dir='ltr'>ipsi</span> <span class='ocrx_word' id='word_1_13' title='bbox 1385 268 1585 315; x_wconf 74' lang='lat' dir='ltr'>pauciores</span> <span class='ocrx_word' id='word_1_14' title='bbox 1621 284 1627 304; x_wconf 74' lang='grc' dir='ltr'>ε</span> 
     </span>
     <span class='ocr_line' id='line_1_3' title="bbox 224 329 1628 379; baseline 0.001 -14"><span class='ocrx_word' id='word_1_15' title='bbox 224 331 298 366; x_wconf 80' lang='lat' dir='ltr'>Cic.</span> <span class='ocrx_word' id='word_1_16' title='bbox 326 332 380 366; x_wconf 80' lang='lat' dir='ltr'>ad</span> <span class='ocrx_word' id='word_1_17' title='bbox 406 333 538 374; x_wconf 82' lang='lat' dir='ltr'>Fam.,</span> <span class='ocrx_word' id='word_1_18' title='bbox 568 345 603 376; x_wconf 86' lang='lat'>1,</span> <span class='ocrx_word' id='word_1_19' title='bbox 634 343 654 366; x_wconf 79' lang='lat'><em>2</em></span> <span class='ocrx_word' id='word_1_20' title='bbox 684 345 691 365; x_wconf 91' lang='lat'>:</span> <span class='ocrx_word' id='word_1_21' title='bbox 724 332 798 366; x_wconf 89' lang='lat' dir='ltr'>«In</span> <span class='ocrx_word' id='word_1_22' title='bbox 828 330 1022 366; x_wconf 79' lang='lat' dir='ltr'><strong>Hortensii</strong></span> <span class='ocrx_word' id='word_1_23' title='bbox 1054 329 1277 365; x_wconf 84' lang='lat' dir='ltr'>sententiam</span> <span class='ocrx_word' id='word_1_24' title='bbox 1303 331 1426 365; x_wconf 78' lang='lat' dir='ltr'>multis</span> <span class='ocrx_word' id='word_1_25' title='bbox 1450 332 1628 379; x_wconf 78' lang='lat' dir='ltr'>partibus</span> 
     </span>
     <span class='ocr_line' id='line_1_4' title="bbox 222 394 538 440; baseline 0 -11"><span class='ocrx_word' id='word_1_26' title='bbox 222 395 350 440; x_wconf 85' lang='lat' dir='ltr'>plures</span> <span class='ocrx_word' id='word_1_27' title='bbox 370 394 501 429; x_wconf 83' lang='lat' dir='ltr'>ituros.</span> <span class='ocrx_word' id='word_1_28' title='bbox 526 412 538 425; x_wconf 74' lang='grc' dir='ltr'>υ</span> 
     </span>
    </p>

    <p class='ocr_par' dir='ltr' id='par_1_3' title="bbox 221 454 1628 627">
     <span class='ocr_line' id='line_1_5' title="bbox 279 454 1628 503; baseline 0.001 -12"><span class='ocrx_word' id='word_1_29' title='bbox 279 456 418 491; x_wconf 71' lang='lat' dir='ltr'><em>Scoeva.</em></span> <span class='ocrx_word' id='word_1_30' title='bbox 441 457 561 493; x_wconf 78' lang='lat' dir='ltr'>Caesar</span> <span class='ocrx_word' id='word_1_31' title='bbox 584 455 651 491; x_wconf 84' lang='lat' dir='ltr'>uhi</span> <span class='ocrx_word' id='word_1_32' title='bbox 665 468 747 503; x_wconf 89' lang='lat' dir='ltr'>sup.</span> <span class='ocrx_word' id='word_1_33' title='bbox 778 468 786 490; x_wconf 92' lang='lat'>:</span> <span class='ocrx_word' id='word_1_34' title='bbox 810 455 1033 502; x_wconf 85' lang='lat' dir='ltr'>«Scutoque</span> <span class='ocrx_word' id='word_1_35' title='bbox 1049 454 1097 490; x_wconf 88' lang='lat' dir='ltr'>ad</span> <span class='ocrx_word' id='word_1_36' title='bbox 1117 456 1355 490; x_wconf 45' lang='lat' dir='ltr'>eum‘relato</span> <span class='ocrx_word' id='word_1_37' title='bbox 1384 455 1517 491; x_wconf 83' lang='lat' dir='ltr'>Scaevae</span> <span class='ocrx_word' id='word_1_38' title='bbox 1545 470 1628 493; x_wconf 86' lang='lat' dir='ltr'>cen-</span> 
     </span>
     <span class='ocr_line' id='line_1_6' title="bbox 221 516 1627 566; baseline 0.001 -15"><span class='ocrx_word' id='word_1_39' title='bbox 221 518 400 564; x_wconf 86' lang='lat' dir='ltr'>turionis,</span> <span class='ocrx_word' id='word_1_40' title='bbox 430 519 582 554; x_wconf 81' lang='lat' dir='ltr'>inventa</span> <span class='ocrx_word' id='word_1_41' title='bbox 607 525 693 554; x_wconf 89' lang='lat' dir='ltr'>sunt</span> <span class='ocrx_word' id='word_1_42' title='bbox 719 518 757 552; x_wconf 89' lang='lat' dir='ltr'>in</span> <span class='ocrx_word' id='word_1_43' title='bbox 786 530 832 553; x_wconf 87' lang='lat' dir='ltr'>eo</span> <span class='ocrx_word' id='word_1_44' title='bbox 858 517 1044 553; x_wconf 82' lang='lat' dir='ltr'>foramina</span> <span class='ocrx_word' id='word_1_45' title='bbox 1069 523 1220 552; x_wconf 87' lang='lat' dir='ltr'>centum</span> <span class='ocrx_word' id='word_1_46' title='bbox 1249 523 1284 551; x_wconf 87' lang='lat' dir='ltr'>et</span> <span class='ocrx_word' id='word_1_47' title='bbox 1318 516 1460 566; x_wconf 78' lang='lat' dir='ltr'>viginti.</span> <span class='ocrx_word' id='word_1_48' title='bbox 1485 533 1499 549; x_wconf 88' lang='lat'>»</span> <span class='ocrx_word' id='word_1_49' title='bbox 1529 520 1627 555; x_wconf 81' lang='lat' dir='ltr'>Vide</span> 
     </span>
     <span class='ocr_line' id='line_1_7' title="bbox 221 581 980 627; baseline -0.001 -12"><span class='ocrx_word' id='word_1_50' title='bbox 221 581 360 627; x_wconf 57' lang='lat' dir='ltr'>Fron„</span> <span class='ocrx_word' id='word_1_51' title='bbox 382 593 434 627; x_wconf 85' lang='lat' dir='ltr'>1v,</span> <span class='ocrx_word' id='word_1_52' title='bbox 456 593 497 626; x_wconf 81' lang='lat'>23</span> <span class='ocrx_word' id='word_1_53' title='bbox 517 583 664 616; x_wconf 65' lang='lat' dir='ltr'><strong>VALER.</strong></span> <span class='ocrx_word' id='word_1_54' title='bbox 693 582 818 626; x_wconf 58' lang='lat' dir='ltr'>MAx„</span> <span class='ocrx_word' id='word_1_55' title='bbox 841 593 918 625; x_wconf 90' lang='lat'>111,</span> <span class='ocrx_word' id='word_1_56' title='bbox 946 592 980 614; x_wconf 81' lang='lat'>2.</span> 
     </span>
    </p>

    <p class='ocr_par' dir='ltr' id='par_1_4' title="bbox 213 642 1626 942">
     <span class='ocr_line' id='line_1_8' title="bbox 273 642 1624 692; baseline 0.001 -13"><span class='ocrx_word' id='word_1_57' title='bbox 273 645 453 679; x_wconf 78' lang='lat' dir='ltr'>Acilius...</span> <span class='ocrx_word' id='word_1_58' title='bbox 480 644 603 680; x_wconf 72' lang='lat' dir='ltr'>obvios</span> <span class='ocrx_word' id='word_1_59' title='bbox 628 655 758 691; x_wconf 80' lang='lat' dir='ltr'>agens.</span> <span class='ocrx_word' id='word_1_60' title='bbox 783 644 909 678; x_wconf 86' lang='lat' dir='ltr'>Valer.</span> <span class='ocrx_word' id='word_1_61' title='bbox 932 644 1055 687; x_wconf 86' lang='lat' dir='ltr'>Max.‚</span> <span class='ocrx_word' id='word_1_62' title='bbox 1076 655 1144 688; x_wconf 88' lang='lat'>111,</span> <span class='ocrx_word' id='word_1_63' title='bbox 1169 654 1189 677; x_wconf 87' lang='lat'>2</span> <span class='ocrx_word' id='word_1_64' title='bbox 1208 655 1215 677; x_wconf 91' lang='lat'>:</span> <span class='ocrx_word' id='word_1_65' title='bbox 1237 658 1250 673; x_wconf 66' lang='grc' dir='ltr'>«ι</span> <span class='ocrx_word' id='word_1_66' title='bbox 1263 642 1407 678; x_wconf 86' lang='lat' dir='ltr'>Acilius</span> <span class='ocrx_word' id='word_1_67' title='bbox 1421 657 1539 692; x_wconf 85' lang='lat' dir='ltr'>quum</span> <span class='ocrx_word' id='word_1_68' title='bbox 1565 645 1624 680; x_wconf 83' lang='lat' dir='ltr'>de-</span> 
     </span>
     <span class='ocr_line' id='line_1_9' title="bbox 218 705 1626 755; baseline 0.001 -13"><span class='ocrx_word' id='word_1_69' title='bbox 218 705 320 741; x_wconf 81' lang='lat' dir='ltr'>cimae</span> <span class='ocrx_word' id='word_1_70' title='bbox 348 706 507 755; x_wconf 82' lang='lat' dir='ltr'>legionis</span> <span class='ocrx_word' id='word_1_71' title='bbox 521 706 625 741; x_wconf 88' lang='lat' dir='ltr'>miles</span> <span class='ocrx_word' id='word_1_72' title='bbox 652 718 724 753; x_wconf 86' lang='lat' dir='ltr'>pro</span> <span class='ocrx_word' id='word_1_73' title='bbox 745 706 784 740; x_wconf 95' lang='lat' dir='ltr'>C.</span> <span class='ocrx_word' id='word_1_74' title='bbox 811 705 964 742; x_wconf 76' lang='lat' dir='ltr'>Caesaris</span> <span class='ocrx_word' id='word_1_75' title='bbox 983 705 1158 753; x_wconf 81' lang='lat' dir='ltr'>partibus</span> <span class='ocrx_word' id='word_1_76' title='bbox 1176 705 1362 740; x_wconf 79' lang='lat' dir='ltr'>maritima</span> <span class='ocrx_word' id='word_1_77' title='bbox 1376 718 1504 755; x_wconf 78' lang='lat' dir='ltr'>pugna</span> <span class='ocrx_word' id='word_1_78' title='bbox 1519 720 1626 755; x_wconf 75' lang='lat' dir='ltr'>proe—</span> 
     </span>
     <span class='ocr_line' id='line_1_10' title="bbox 215 768 1623 816; baseline 0.001 -12"><span class='ocrx_word' id='word_1_79' title='bbox 215 769 389 814; x_wconf 82' lang='lat' dir='ltr'>liaretur,</span> <span class='ocrx_word' id='word_1_80' title='bbox 404 769 547 804; x_wconf 86' lang='lat' dir='ltr'>abscisa</span> <span class='ocrx_word' id='word_1_81' title='bbox 573 768 728 814; x_wconf 84' lang='lat' dir='ltr'>dextra,</span> <span class='ocrx_word' id='word_1_82' title='bbox 756 781 869 816; x_wconf 83' lang='lat' dir='ltr'>quam</span> <span class='ocrx_word' id='word_1_83' title='bbox 896 768 1188 804; x_wconf 80' lang='lat' dir='ltr'>Massiliensium</span> <span class='ocrx_word' id='word_1_84' title='bbox 1208 768 1295 803; x_wconf 78' lang='lat' dir='ltr'>navi</span> <span class='ocrx_word' id='word_1_85' title='bbox 1322 768 1623 815; x_wconf 67' lang='lat' dir='ltr'>injecerat,-la›va</span> 
     </span>
     <span class='ocr_line' id='line_1_11' title="bbox 213 830 1623 880; baseline 0.002 -15"><span class='ocrx_word' id='word_1_86' title='bbox 213 831 376 878; x_wconf 74' lang='lat' dir='ltr'>puppim</span> <span class='ocrx_word' id='word_1_87' title='bbox 404 830 678 878; x_wconf 82' lang='lat' dir='ltr'>apprehendit,</span> <span class='ocrx_word' id='word_1_88' title='bbox 711 842 780 865; x_wconf 87' lang='lat' dir='ltr'>nec</span> <span class='ocrx_word' id='word_1_89' title='bbox 816 838 903 866; x_wconf 81' lang='lat' dir='ltr'>ante</span> <span class='ocrx_word' id='word_1_90' title='bbox 933 831 1113 866; x_wconf 88' lang='lat' dir='ltr'>dimicare</span> <span class='ocrx_word' id='word_1_91' title='bbox 1145 830 1306 876; x_wconf 81' lang='lat' dir='ltr'>destitit,</span> <span class='ocrx_word' id='word_1_92' title='bbox 1335 843 1449 878; x_wconf 84' lang='lat' dir='ltr'>quarn</span> <span class='ocrx_word' id='word_1_93' title='bbox 1477 840 1623 880; x_wconf 74' lang='lat' dir='ltr'>captam</span> 
     </span>
     <span class='ocr_line' id='line_1_12' title="bbox 213 892 679 942; baseline 0 -14"><span class='ocrx_word' id='word_1_94' title='bbox 213 892 410 940; x_wconf 80' lang='lat' dir='ltr'>profundo</span> <span class='ocrx_word' id='word_1_95' title='bbox 439 900 638 942; x_wconf 82' lang='lat' dir='ltr'>mergeret.</span> <span class='ocrx_word' id='word_1_96' title='bbox 665 910 679 924; x_wconf 87' lang='lat'>»</span> 
     </span>
    </p>

    <p class='ocr_par' dir='ltr' id='par_1_5' title="bbox 212 954 1623 1127">
     <span class='ocr_line' id='line_1_13' title="bbox 268 954 1623 1004; baseline 0.001 -12"><span class='ocrx_word' id='word_1_97' title='bbox 268 957 356 992; x_wconf 72' lang='lat' dir='ltr'><strong>CAP.</strong></span> <span class='ocrx_word' id='word_1_98' title='bbox 382 957 524 992; x_wconf 88' lang='lat' dir='ltr'><strong>LXIX.</strong></span> <span class='ocrx_word' id='word_1_99' title='bbox 560 957 677 1004; x_wconf 77' lang='lat' dir='ltr'>Apud</span> <span class='ocrx_word' id='word_1_100' title='bbox 706 956 959 991; x_wconf 76' lang='lat' dir='ltr'>Placentiam.</span> <span class='ocrx_word' id='word_1_101' title='bbox 984 958 1029 990; x_wconf 88' lang='lat' dir='ltr'>A.</span> <span class='ocrx_word' id='word_1_102' title='bbox 1056 957 1103 992; x_wconf 88' lang='lat' dir='ltr'>U.</span> <span class='ocrx_word' id='word_1_103' title='bbox 1134 954 1220 1001; x_wconf 80' lang='lat'>705.</span> <span class='ocrx_word' id='word_1_104' title='bbox 1244 957 1301 991; x_wconf 88' lang='lat' dir='ltr'>De</span> <span class='ocrx_word' id='word_1_105' title='bbox 1324 969 1399 1004; x_wconf 87' lang='lat' dir='ltr'>qua</span> <span class='ocrx_word' id='word_1_106' title='bbox 1437 957 1623 993; x_wconf 77' lang='lat' dir='ltr'>seditione</span> 
     </span>
     <span class='ocr_line' id='line_1_14' title="bbox 212 1018 1622 1068; baseline 0.002 -15"><span class='ocrx_word' id='word_1_107' title='bbox 212 1018 304 1054; x_wconf 91' lang='lat' dir='ltr'>nihil</span> <span class='ocrx_word' id='word_1_108' title='bbox 325 1019 446 1054; x_wconf 81' lang='lat' dir='ltr'>Caesar</span> <span class='ocrx_word' id='word_1_109' title='bbox 465 1019 504 1053; x_wconf 91' lang='lat' dir='ltr'>in</span> <span class='ocrx_word' id='word_1_110' title='bbox 527 1019 835 1062; x_wconf 76' lang='lat' dir='ltr'>Commentariis;</span> <span class='ocrx_word' id='word_1_111' title='bbox 850 1020 967 1053; x_wconf 85' lang='lat' dir='ltr'>multa</span> <span class='ocrx_word' id='word_1_112' title='bbox 982 1018 1076 1060; x_wconf 82' lang='lat' dir='ltr'>Dio,</span> <span class='ocrx_word' id='word_1_113' title='bbox 1100 1031 1184 1063; x_wconf 76' lang='lat' dir='ltr'>xm,</span> <span class='ocrx_word' id='word_1_114' title='bbox 1209 1018 1367 1066; x_wconf 82' lang='lat' dir='ltr'>passim,</span> <span class='ocrx_word' id='word_1_115' title='bbox 1383 1027 1419 1055; x_wconf 87' lang='lat' dir='ltr'>et</span> <span class='ocrx_word' id='word_1_116' title='bbox 1436 1021 1599 1068; x_wconf 78' lang='lat' dir='ltr'>Appian.</span> <span class='ocrx_word' id='word_1_117' title='bbox 1613 1050 1622 1067; x_wconf 91' lang='lat'><em>‚</em></span> 
     </span>
     <span class='ocr_line' id='line_1_15' title="bbox 212 1081 583 1127; baseline 0.003 -11"><span class='ocrx_word' id='word_1_118' title='bbox 212 1083 307 1117; x_wconf 82' lang='lat' dir='ltr'>Bell.</span> <span class='ocrx_word' id='word_1_119' title='bbox 326 1081 422 1124; x_wconf 59' lang='lat' dir='ltr'>Ciu„</span> <span class='ocrx_word' id='word_1_120' title='bbox 445 1094 493 1127; x_wconf 89' lang='lat'>11,</span> <span class='ocrx_word' id='word_1_121' title='bbox 525 1087 583 1127; x_wconf 70' lang='lat'>47.</span> 
     </span>
    </p>

    <p class='ocr_par' dir='ltr' id='par_1_6' title="bbox 264 1143 1435 1192">
     <span class='ocr_line' id='line_1_16' title="bbox 264 1143 1435 1192; baseline -0.002 -12"><span class='ocrx_word' id='word_1_122' title='bbox 264 1145 352 1180; x_wconf 64' lang='lat' dir='ltr'>Cn.</span> <span class='ocrx_word' id='word_1_123' title='bbox 379 1145 502 1182; x_wconf 76' lang='lat' dir='ltr'>LXX.</span> <span class='ocrx_word' id='word_1_124' title='bbox 528 1146 779 1180; x_wconf 70' lang='lat' dir='ltr'>Dm-mnanos.</span> <span class='ocrx_word' id='word_1_125' title='bbox 807 1146 853 1180; x_wconf 83' lang='lat' dir='ltr'>H.</span> <span class='ocrx_word' id='word_1_126' title='bbox 877 1157 907 1179; x_wconf 84' lang='lat' dir='ltr'>e.</span> <span class='ocrx_word' id='word_1_127' title='bbox 931 1143 1084 1179; x_wconf 86' lang='lat' dir='ltr'>decimae</span> <span class='ocrx_word' id='word_1_128' title='bbox 1107 1143 1266 1192; x_wconf 80' lang='lat' dir='ltr'>legionis</span> <span class='ocrx_word' id='word_1_129' title='bbox 1289 1144 1435 1179; x_wconf 63' lang='lat' dir='ltr'>milites.</span> 
     </span>
    </p>

    <p class='ocr_par' dir='ltr' id='par_1_7' title="bbox 264 1207 1208 1252">
     <span class='ocr_line' id='line_1_17' title="bbox 264 1207 1208 1252; baseline -0.003 -8"><span class='ocrx_word' id='word_1_130' title='bbox 264 1208 410 1244; x_wconf 81' lang='lat' dir='ltr'>Romoe.</span> <span class='ocrx_word' id='word_1_131' title='bbox 437 1210 537 1244; x_wconf 84' lang='lat' dir='ltr'>Ante</span> <span class='ocrx_word' id='word_1_132' title='bbox 564 1208 705 1243; x_wconf 87' lang='lat' dir='ltr'>bellum</span> <span class='ocrx_word' id='word_1_133' title='bbox 734 1207 963 1251; x_wconf 77' lang='lat' dir='ltr'>africanum,</span> <span class='ocrx_word' id='word_1_134' title='bbox 984 1209 1028 1242; x_wconf 90' lang='lat' dir='ltr'>A.</span> <span class='ocrx_word' id='word_1_135' title='bbox 1051 1208 1097 1242; x_wconf 89' lang='lat' dir='ltr'>U.</span> <span class='ocrx_word' id='word_1_136' title='bbox 1122 1219 1208 1252; x_wconf 75' lang='lat'>707.</span> 
     </span>
    </p>

    <p class='ocr_par' dir='ltr' id='par_1_8' title="bbox 209 1268 1620 1385">
     <span class='ocr_line' id='line_1_18' title="bbox 266 1268 1620 1320; baseline 0.002 -14"><span class='ocrx_word' id='word_1_137' title='bbox 266 1272 394 1320; x_wconf 75' lang='lat' dir='ltr'>Neque</span> <span class='ocrx_word' id='word_1_138' title='bbox 407 1272 525 1306; x_wconf 74' lang='lat' dir='ltr'>adire.</span> <span class='ocrx_word' id='word_1_139' title='bbox 545 1270 733 1317; x_wconf 86' lang='lat' dir='ltr'>Appian.,</span> <span class='ocrx_word' id='word_1_140' title='bbox 756 1271 852 1304; x_wconf 78' lang='lat' dir='ltr'>Bell.</span> <span class='ocrx_word' id='word_1_141' title='bbox 877 1269 971 1312; x_wconf 54' lang='lat' dir='ltr'>Cim,</span> <span class='ocrx_word' id='word_1_142' title='bbox 1003 1282 1054 1315; x_wconf 91' lang='lat'>11,</span> <span class='ocrx_word' id='word_1_143' title='bbox 1077 1282 1114 1316; x_wconf 89' lang='lat' dir='ltr'>p.</span> <span class='ocrx_word' id='word_1_144' title='bbox 1146 1268 1219 1311; x_wconf 76' lang='grc'>486</span> <span class='ocrx_word' id='word_1_145' title='bbox 1245 1282 1252 1302; x_wconf 78' lang='lat'>1</span> <span class='ocrx_word' id='word_1_146' title='bbox 1278 1276 1391 1313; x_wconf 68' lang='grc' dir='ltr'>Αὺτεῖς</span> <span class='ocrx_word' id='word_1_147' title='bbox 1421 1278 1468 1308; x_wconf 77' lang='grc' dir='ltr'>ἔτι</span> <span class='ocrx_word' id='word_1_148' title='bbox 1484 1277 1620 1309; x_wconf 60' lang='grc' dir='ltr'>στασιά-</span> 
     </span>
     <span class='ocr_line' id='line_1_19' title="bbox 209 1334 845 1385; baseline -0.003 -13"><span class='ocrx_word' id='word_1_149' title='bbox 209 1341 312 1377; x_wconf 66' lang='grc' dir='ltr'>ζουσιν</span> <span class='ocrx_word' id='word_1_150' title='bbox 343 1342 371 1378; x_wconf 82' lang='grc' dir='ltr'>ἐς</span> <span class='ocrx_word' id='word_1_151' title='bbox 395 1341 431 1373; x_wconf 73' lang='grc' dir='ltr'>τὸ</span> <span class='ocrx_word' id='word_1_152' title='bbox 445 1334 555 1385; x_wconf 46' lang='lat' dir='ltr'>Alpem</span> <span class='ocrx_word' id='word_1_153' title='bbox 581 1336 694 1372; x_wconf 65' lang='grc' dir='ltr'>πεδίον</span> <span class='ocrx_word' id='word_1_154' title='bbox 718 1340 845 1375; x_wconf 70' lang='grc' dir='ltr'>ἐπῆλθε.</span> 
     </span>
    </p>

    <p class='ocr_par' dir='ltr' id='par_1_9' title="bbox 204 1394 1616 1568">
     <span class='ocr_line' id='line_1_20' title="bbox 264 1394 1616 1440; baseline -0.001 -8"><span class='ocrx_word' id='word_1_155' title='bbox 264 1398 349 1432; x_wconf 79' lang='lat' dir='ltr'>Una</span> <span class='ocrx_word' id='word_1_156' title='bbox 380 1409 483 1432; x_wconf 84' lang='lat' dir='ltr'>voce.</span> <span class='ocrx_word' id='word_1_157' title='bbox 511 1395 762 1431; x_wconf 86' lang='lat' dir='ltr'>Germanicus</span> <span class='ocrx_word' id='word_1_158' title='bbox 787 1395 835 1430; x_wconf 86' lang='lat' dir='ltr'>ad</span> <span class='ocrx_word' id='word_1_159' title='bbox 864 1395 1020 1439; x_wconf 80' lang='lat' dir='ltr'>milites,</span> <span class='ocrx_word' id='word_1_160' title='bbox 1052 1395 1089 1429; x_wconf 88' lang='lat' dir='ltr'>in</span> <span class='ocrx_word' id='word_1_161' title='bbox 1121 1394 1261 1437; x_wconf 64' lang='lat' dir='ltr'>Tacit,</span> <span class='ocrx_word' id='word_1_162' title='bbox 1288 1397 1450 1437; x_wconf 73' lang='lat' dir='ltr'>AmmL,</span> <span class='ocrx_word' id='word_1_163' title='bbox 1476 1408 1506 1440; x_wconf 87' lang='lat'>1,</span> <span class='ocrx_word' id='word_1_164' title='bbox 1538 1401 1582 1437; x_wconf 64' lang='lat'>(⁴2</span> <span class='ocrx_word' id='word_1_165' title='bbox 1609 1409 1616 1430; x_wconf 93' lang='lat'><strong>:</strong></span> 
     </span>
     <span class='ocr_line' id='line_1_21' title="bbox 204 1453 1615 1503; baseline -0.003 -8"><span class='ocrx_word' id='word_1_166' title='bbox 204 1475 218 1488; x_wconf 75' lang='lat'>¹-</span> <span class='ocrx_word' id='word_1_167' title='bbox 240 1459 360 1495; x_wconf 85' lang='lat' dir='ltr'>Divus</span> <span class='ocrx_word' id='word_1_168' title='bbox 385 1459 508 1494; x_wconf 86' lang='lat' dir='ltr'>Julius</span> <span class='ocrx_word' id='word_1_169' title='bbox 536 1458 763 1494; x_wconf 81' lang='lat' dir='ltr'>seditionem</span> <span class='ocrx_word' id='word_1_170' title='bbox 787 1457 976 1492; x_wconf 88' lang='lat' dir='ltr'>exercitus</span> <span class='ocrx_word' id='word_1_171' title='bbox 1001 1458 1122 1492; x_wconf 68' lang='lat' dir='ltr'>verbo</span> <span class='ocrx_word' id='word_1_172' title='bbox 1140 1470 1219 1491; x_wconf 89' lang='lat' dir='ltr'>uno</span> <span class='ocrx_word' id='word_1_173' title='bbox 1244 1453 1496 1503; x_wconf 69' lang='lat' dir='ltr'>eon&#39;ipescuit,</span> <span class='ocrx_word' id='word_1_174' title='bbox 1525 1459 1615 1503; x_wconf 74' lang='lat' dir='ltr'>Qui—</span> 
     </span>
     <span class='ocr_line' id='line_1_22' title="bbox 205 1519 1326 1568; baseline -0.003 -12"><span class='ocrx_word' id='word_1_175' title='bbox 205 1523 295 1557; x_wconf 73' lang='lat' dir='ltr'>rites</span> <span class='ocrx_word' id='word_1_176' title='bbox 315 1521 494 1558; x_wconf 82' lang='lat' dir='ltr'>vocando</span> <span class='ocrx_word' id='word_1_177' title='bbox 518 1521 583 1568; x_wconf 92' lang='lat' dir='ltr'>qui</span> <span class='ocrx_word' id='word_1_178' title='bbox 610 1527 888 1556; x_wconf 78' lang='lat' dir='ltr'>sacramentum</span> <span class='ocrx_word' id='word_1_179' title='bbox 909 1520 991 1566; x_wconf 73' lang='lat' dir='ltr'>ejus</span> <span class='ocrx_word' id='word_1_180' title='bbox 1014 1519 1288 1554; x_wconf 80' lang='lat' dir='ltr'>detrectabant.</span> <span class='ocrx_word' id='word_1_181' title='bbox 1312 1536 1326 1551; x_wconf 88' lang='lat'>»</span> 
     </span>
    </p>

    <p class='ocr_par' dir='ltr' id='par_1_10' title="bbox 203 1581 1615 1694">
     <span class='ocr_line' id='line_1_23' title="bbox 259 1581 1615 1631; baseline -0.001 -11"><span class='ocrx_word' id='word_1_182' title='bbox 259 1584 348 1620; x_wconf 68' lang='lat' dir='ltr'>CAP.</span> <span class='ocrx_word' id='word_1_183' title='bbox 361 1585 505 1621; x_wconf 85' lang='lat' dir='ltr'><strong>LXXI.</strong></span> <span class='ocrx_word' id='word_1_184' title='bbox 526 1583 773 1619; x_wconf 74' lang='lat' dir='ltr'>Masintham.</span> <span class='ocrx_word' id='word_1_185' title='bbox 788 1582 859 1619; x_wconf 85' lang='lat' dir='ltr'>Hie</span> <span class='ocrx_word' id='word_1_186' title='bbox 874 1582 1063 1617; x_wconf 74' lang='lat' dir='ltr'>Masintha</span> <span class='ocrx_word' id='word_1_187' title='bbox 1082 1594 1101 1617; x_wconf 90' lang='lat' dir='ltr'>e</span> <span class='ocrx_word' id='word_1_188' title='bbox 1121 1581 1225 1631; x_wconf 87' lang='lat' dir='ltr'>regia</span> <span class='ocrx_word' id='word_1_189' title='bbox 1245 1581 1363 1629; x_wconf 88' lang='lat' dir='ltr'>stirpe</span> <span class='ocrx_word' id='word_1_190' title='bbox 1384 1589 1491 1617; x_wconf 84' lang='lat' dir='ltr'>ortus</span> <span class='ocrx_word' id='word_1_191' title='bbox 1506 1582 1615 1618; x_wconf 81' lang='lat' dir='ltr'>fuisse</span> 
     </span>
     <span class='ocr_line' id='line_1_24' title="bbox 203 1643 1614 1694; baseline -0.001 -14"><span class='ocrx_word' id='word_1_192' title='bbox 203 1646 355 1683; x_wconf 77' lang='lat' dir='ltr'>videtur</span> <span class='ocrx_word' id='word_1_193' title='bbox 380 1660 387 1682; x_wconf 76' lang='grc' dir='ltr'><strong><em>ε</em></strong></span> <span class='ocrx_word' id='word_1_194' title='bbox 412 1659 526 1694; x_wconf 86' lang='lat' dir='ltr'>quem</span> <span class='ocrx_word' id='word_1_195' title='bbox 553 1658 671 1694; x_wconf 89' lang='lat' dir='ltr'>quum</span> <span class='ocrx_word' id='word_1_196' title='bbox 697 1644 889 1692; x_wconf 85' lang='lat' dir='ltr'>Hiempsal</span> <span class='ocrx_word' id='word_1_197' title='bbox 914 1643 1084 1692; x_wconf 87' lang='lat' dir='ltr'>pendere</span> <span class='ocrx_word' id='word_1_198' title='bbox 1099 1643 1286 1690; x_wconf 82' lang='lat' dir='ltr'>stipendia</span> <span class='ocrx_word' id='word_1_199' title='bbox 1304 1643 1477 1689; x_wconf 81' lang='lat' dir='ltr'>juberet,</span> <span class='ocrx_word' id='word_1_200' title='bbox 1502 1657 1543 1681; x_wconf 86' lang='lat' dir='ltr'>re</span> <span class='ocrx_word' id='word_1_201' title='bbox 1568 1644 1614 1679; x_wconf 80' lang='lat' dir='ltr'>ad</span> 
     </span>
    </p>

    <p class='ocr_par' dir='ltr' id='par_1_11' title="bbox 199 1705 1613 1997">
     <span class='ocr_line' id='line_1_25' title="bbox 199 1705 1612 1754; baseline -0.003 -10"><span class='ocrx_word' id='word_1_202' title='bbox 199 1716 371 1745; x_wconf 79' lang='lat' dir='ltr'>senatum</span> <span class='ocrx_word' id='word_1_203' title='bbox 398 1709 543 1750; x_wconf 87' lang='lat' dir='ltr'>delata,</span> <span class='ocrx_word' id='word_1_204' title='bbox 570 1708 760 1743; x_wconf 54' lang='lat' dir='ltr'>Masintha</span> <span class='ocrx_word' id='word_1_205' title='bbox 788 1708 950 1743; x_wconf 82' lang='lat' dir='ltr'>Romam</span> <span class='ocrx_word' id='word_1_206' title='bbox 972 1707 1086 1742; x_wconf 72' lang='lat' dir='ltr'>venit.</span> <span class='ocrx_word' id='word_1_207' title='bbox 1116 1707 1308 1754; x_wconf 82' lang='lat' dir='ltr'>Hiempsal</span> <span class='ocrx_word' id='word_1_208' title='bbox 1329 1705 1447 1741; x_wconf 89' lang='lat' dir='ltr'>filium</span> <span class='ocrx_word' id='word_1_209' title='bbox 1477 1707 1612 1741; x_wconf 85' lang='lat' dir='ltr'>Jubam</span> 
     </span>
     <span class='ocr_line' id='line_1_26' title="bbox 200 1768 1610 1819; baseline -0.001 -13"><span class='ocrx_word' id='word_1_210' title='bbox 200 1771 299 1807; x_wconf 88' lang='lat' dir='ltr'>misit</span> <span class='ocrx_word' id='word_1_211' title='bbox 321 1785 328 1806; x_wconf 89' lang='lat'>:</span> <span class='ocrx_word' id='word_1_212' title='bbox 356 1771 409 1806; x_wconf 90' lang='lat' dir='ltr'>ibi</span> <span class='ocrx_word' id='word_1_213' title='bbox 434 1777 521 1818; x_wconf 89' lang='lat' dir='ltr'>post</span> <span class='ocrx_word' id='word_1_214' title='bbox 545 1782 719 1819; x_wconf 73' lang='lat' dir='ltr'>magnam</span> <span class='ocrx_word' id='word_1_215' title='bbox 741 1770 1026 1806; x_wconf 80' lang='lat' dir='ltr'>contentionem</span> <span class='ocrx_word' id='word_1_216' title='bbox 1042 1769 1132 1804; x_wconf 82' lang='lat' dir='ltr'>vicit</span> <span class='ocrx_word' id='word_1_217' title='bbox 1148 1768 1300 1804; x_wconf 80' lang='lat' dir='ltr'>tandem</span> <span class='ocrx_word' id='word_1_218' title='bbox 1323 1768 1421 1803; x_wconf 84' lang='lat' dir='ltr'>Juba</span> <span class='ocrx_word' id='word_1_219' title='bbox 1435 1796 1443 1812; x_wconf 85' lang='lat'>‚</span> <span class='ocrx_word' id='word_1_220' title='bbox 1468 1775 1503 1803; x_wconf 92' lang='lat' dir='ltr'>et</span> <span class='ocrx_word' id='word_1_221' title='bbox 1525 1770 1610 1804; x_wconf 59' lang='lat' dir='ltr'>Ma-</span> 
     </span>
     <span class='ocr_line' id='line_1_27' title="bbox 201 1831 1613 1879; baseline -0.002 -11"><span class='ocrx_word' id='word_1_222' title='bbox 201 1834 342 1879; x_wconf 86' lang='lat' dir='ltr'>sintha,</span> <span class='ocrx_word' id='word_1_223' title='bbox 370 1833 533 1869; x_wconf 86' lang='lat' dir='ltr'>multum</span> <span class='ocrx_word' id='word_1_224' title='bbox 565 1833 703 1868; x_wconf 66' lang='lat' dir='ltr'>frustra</span> <span class='ocrx_word' id='word_1_225' title='bbox 734 1833 921 1868; x_wconf 84' lang='lat' dir='ltr'>renitente</span> <span class='ocrx_word' id='word_1_226' title='bbox 948 1833 1108 1877; x_wconf 74' lang='lat' dir='ltr'>Caesare,</span> <span class='ocrx_word' id='word_1_227' title='bbox 1130 1831 1402 1878; x_wconf 83' lang='lat' dir='ltr'>pronuntiatus</span> <span class='ocrx_word' id='word_1_228' title='bbox 1428 1837 1481 1865; x_wconf 85' lang='lat' dir='ltr'>est</span> <span class='ocrx_word' id='word_1_229' title='bbox 1507 1831 1613 1865; x_wconf 81' lang='lat' dir='ltr'>Jubae</span> 
     </span>
     <span class='ocr_line' id='line_1_28' title="bbox 199 1892 1612 1944; baseline -0.001 -15"><span class='ocrx_word' id='word_1_230' title='bbox 199 1896 493 1944; x_wconf 66' lang='lat' dir='ltr'>stipendiarius,</span> <span class='ocrx_word' id='word_1_231' title='bbox 522 1896 544 1931; x_wconf 93' lang='lat' dir='ltr'>i.</span> <span class='ocrx_word' id='word_1_232' title='bbox 575 1908 625 1940; x_wconf 91' lang='lat' dir='ltr'>e.,</span> <span class='ocrx_word' id='word_1_233' title='bbox 641 1895 707 1942; x_wconf 88' lang='lat' dir='ltr'>qui</span> <span class='ocrx_word' id='word_1_234' title='bbox 724 1895 835 1929; x_wconf 77' lang='lat' dir='ltr'>certis</span> <span class='ocrx_word' id='word_1_235' title='bbox 862 1894 1101 1942; x_wconf 72' lang='lat' dir='ltr'>temporibus</span> <span class='ocrx_word' id='word_1_236' title='bbox 1118 1892 1324 1940; x_wconf 71' lang='lat' dir='ltr'>Hiempsali</span> <span class='ocrx_word' id='word_1_237' title='bbox 1352 1892 1496 1927; x_wconf 73' lang='lat' dir='ltr'>tributa</span> <span class='ocrx_word' id='word_1_238' title='bbox 1521 1905 1612 1940; x_wconf 88' lang='lat' dir='ltr'>pen—</span> 
     </span>
     <span class='ocr_line' id='line_1_29' title="bbox 201 1959 318 1997; baseline -0.009 -1"><span class='ocrx_word' id='word_1_239' title='bbox 201 1959 318 1997; x_wconf 71' lang='lat' dir='ltr'>deret.</span> 
     </span>
    </p>

    <p class='ocr_par' dir='ltr' id='par_1_12' title="bbox 198 2015 1610 2510">
     <span class='ocr_line' id='line_1_30' title="bbox 255 2015 1609 2070; baseline -0.004 -12"><span class='ocrx_word' id='word_1_240' title='bbox 255 2023 577 2070; x_wconf 75' lang='lat' dir='ltr'>Pro.cequentc&#39;wn.</span> <span class='ocrx_word' id='word_1_241' title='bbox 611 2022 815 2056; x_wconf 72' lang='lat' dir='ltr'>Praetorem</span> <span class='ocrx_word' id='word_1_242' title='bbox 849 2020 1112 2062; x_wconf 73' lang='lat' dir='ltr'>consulemve,</span> <span class='ocrx_word' id='word_1_243' title='bbox 1142 2031 1228 2052; x_wconf 89' lang='lat' dir='ltr'>cum</span> <span class='ocrx_word' id='word_1_244' title='bbox 1255 2016 1417 2064; x_wconf 80' lang='lat' dir='ltr'>imperio</span> <span class='ocrx_word' id='word_1_245' title='bbox 1450 2015 1609 2064; x_wconf 86' lang='lat' dir='ltr'>profici—</span> 
     </span>
     <span class='ocr_line' id='line_1_31' title="bbox 198 2079 1610 2130; baseline -0.004 -9"><span class='ocrx_word' id='word_1_246' title='bbox 198 2092 362 2121; x_wconf 88' lang='lat' dir='ltr'>scentem</span> <span class='ocrx_word' id='word_1_247' title='bbox 376 2114 385 2130; x_wconf 92' lang='lat'>,</span> <span class='ocrx_word' id='word_1_248' title='bbox 407 2084 676 2120; x_wconf 81' lang='lat' dir='ltr'>comitantibus</span> <span class='ocrx_word' id='word_1_249' title='bbox 699 2083 898 2118; x_wconf 77' lang='lat' dir='ltr'>lictoribus</span> <span class='ocrx_word' id='word_1_250' title='bbox 919 2082 1072 2117; x_wconf 86' lang='lat' dir='ltr'>clientes</span> <span class='ocrx_word' id='word_1_251' title='bbox 1096 2081 1281 2127; x_wconf 78' lang='lat' dir='ltr'>amicique</span> <span class='ocrx_word' id='word_1_252' title='bbox 1305 2079 1489 2127; x_wconf 80' lang='lat' dir='ltr'>prosequi</span> <span class='ocrx_word' id='word_1_253' title='bbox 1508 2080 1610 2115; x_wconf 87' lang='lat' dir='ltr'>sole--</span> 
     </span>
     <span class='ocr_line' id='line_1_32' title="bbox 198 2142 1609 2195; baseline -0.004 -12"><span class='ocrx_word' id='word_1_254' title='bbox 198 2149 301 2183; x_wconf 86' lang='lat' dir='ltr'>hant.</span> <span class='ocrx_word' id='word_1_255' title='bbox 322 2148 402 2183; x_wconf 87' lang='lat' dir='ltr'>Liv.</span> <span class='ocrx_word' id='word_1_256' title='bbox 417 2177 426 2193; x_wconf 88' lang='lat'>‚</span> <span class='ocrx_word' id='word_1_257' title='bbox 453 2160 534 2182; x_wconf 76' lang='lat' dir='ltr'>xL11</span> <span class='ocrx_word' id='word_1_258' title='bbox 550 2176 559 2192; x_wconf 94' lang='lat'>,</span> <span class='ocrx_word' id='word_1_259' title='bbox 582 2153 629 2195; x_wconf 67' lang='lat'>49</span> <span class='ocrx_word' id='word_1_260' title='bbox 646 2160 653 2181; x_wconf 73' lang='grc' dir='ltr'>ε</span> <span class='ocrx_word' id='word_1_261' title='bbox 670 2148 769 2181; x_wconf 83' lang='lat' dir='ltr'>«Per</span> <span class='ocrx_word' id='word_1_262' title='bbox 796 2146 864 2180; x_wconf 76' lang='lat' dir='ltr'>lios</span> <span class='ocrx_word' id='word_1_263' title='bbox 879 2144 978 2179; x_wconf 83' lang='lat' dir='ltr'>forte</span> <span class='ocrx_word' id='word_1_264' title='bbox 993 2143 1092 2187; x_wconf 83' lang='lat' dir='ltr'>dies,</span> <span class='ocrx_word' id='word_1_265' title='bbox 1106 2145 1145 2178; x_wconf 89' lang='lat' dir='ltr'>P.</span> <span class='ocrx_word' id='word_1_266' title='bbox 1159 2142 1326 2178; x_wconf 76' lang='lat' dir='ltr'>Licinius</span> <span class='ocrx_word' id='word_1_267' title='bbox 1342 2143 1471 2177; x_wconf 85' lang='lat' dir='ltr'>consul</span> <span class='ocrx_word' id='word_1_268' title='bbox 1486 2170 1495 2186; x_wconf 96' lang='lat'>,</span> <span class='ocrx_word' id='word_1_269' title='bbox 1509 2142 1609 2178; x_wconf 89' lang='lat' dir='ltr'>votis</span> 
     </span>
     <span class='ocr_line' id='line_1_33' title="bbox 199 2205 1608 2258; baseline -0.004 -12"><span class='ocrx_word' id='word_1_270' title='bbox 199 2211 236 2246; x_wconf 91' lang='lat' dir='ltr'>in</span> <span class='ocrx_word' id='word_1_271' title='bbox 252 2211 442 2258; x_wconf 83' lang='lat' dir='ltr'>Capitolio</span> <span class='ocrx_word' id='word_1_272' title='bbox 463 2209 693 2257; x_wconf 78' lang='lat' dir='ltr'>nuncupatis</span> <span class='ocrx_word' id='word_1_273' title='bbox 706 2238 714 2250; x_wconf 79' lang='lat'>,</span> <span class='ocrx_word' id='word_1_274' title='bbox 737 2208 941 2256; x_wconf 70' lang='lat' dir='ltr'>paludatus</span> <span class='ocrx_word' id='word_1_275' title='bbox 967 2207 1014 2242; x_wconf 81' lang='lat' dir='ltr'>ab</span> <span class='ocrx_word' id='word_1_276' title='bbox 1029 2206 1134 2242; x_wconf 75' lang='lat' dir='ltr'>Urbe</span> <span class='ocrx_word' id='word_1_277' title='bbox 1152 2205 1348 2252; x_wconf 76' lang='lat' dir='ltr'>profectus</span> <span class='ocrx_word' id='word_1_278' title='bbox 1367 2211 1432 2240; x_wconf 75' lang='lat' dir='ltr'>est.</span> <span class='ocrx_word' id='word_1_279' title='bbox 1452 2205 1608 2252; x_wconf 85' lang='lat' dir='ltr'>Semper</span> 
     </span>
     <span class='ocr_line' id='line_1_34' title="bbox 199 2266 1607 2321; baseline -0.004 -13"><span class='ocrx_word' id='word_1_280' title='bbox 199 2273 354 2321; x_wconf 79' lang='lat' dir='ltr'>quidem</span> <span class='ocrx_word' id='word_1_281' title='bbox 375 2285 418 2308; x_wconf 89' lang='lat' dir='ltr'>ea</span> <span class='ocrx_word' id='word_1_282' title='bbox 431 2285 491 2308; x_wconf 90' lang='lat' dir='ltr'>res</span> <span class='ocrx_word' id='word_1_283' title='bbox 515 2285 600 2307; x_wconf 89' lang='lat' dir='ltr'>cum</span> <span class='ocrx_word' id='word_1_284' title='bbox 616 2284 749 2319; x_wconf 79' lang='lat' dir='ltr'>magna</span> <span class='ocrx_word' id='word_1_285' title='bbox 775 2270 959 2318; x_wconf 75' lang='lat' dir='ltr'>dignitate</span> <span class='ocrx_word' id='word_1_286' title='bbox 979 2275 1015 2304; x_wconf 89' lang='lat' dir='ltr'>et</span> <span class='ocrx_word' id='word_1_287' title='bbox 1029 2268 1223 2314; x_wconf 81' lang='lat' dir='ltr'>majestate</span> <span class='ocrx_word' id='word_1_288' title='bbox 1239 2267 1402 2315; x_wconf 81' lang='lat' dir='ltr'>geritur,</span> <span class='ocrx_word' id='word_1_289' title='bbox 1417 2266 1607 2314; x_wconf 79' lang='lat' dir='ltr'>praecipue</span> 
     </span>
     <span class='ocr_line' id='line_1_35' title="bbox 199 2329 1606 2380; baseline -0.004 -10"><span class='ocrx_word' id='word_1_290' title='bbox 199 2343 322 2371; x_wconf 69' lang='lat' dir='ltr'>tamen</span> <span class='ocrx_word' id='word_1_291' title='bbox 345 2334 534 2370; x_wconf 89' lang='lat' dir='ltr'>convertit</span> <span class='ocrx_word' id='word_1_292' title='bbox 555 2335 687 2369; x_wconf 91' lang='lat' dir='ltr'>oculos</span> <span class='ocrx_word' id='word_1_293' title='bbox 701 2333 942 2380; x_wconf 71' lang='lat' dir='ltr'>animosque,</span> <span class='ocrx_word' id='word_1_294' title='bbox 958 2344 1076 2378; x_wconf 86' lang='lat' dir='ltr'>quum</span> <span class='ocrx_word' id='word_1_295' title='bbox 1097 2330 1144 2365; x_wconf 83' lang='lat' dir='ltr'>ad</span> <span class='ocrx_word' id='word_1_296' title='bbox 1165 2341 1343 2377; x_wconf 75' lang='lat' dir='ltr'>magnum</span> <span class='ocrx_word' id='word_1_297' title='bbox 1361 2329 1606 2376; x_wconf 85' lang='lat' dir='ltr'>nobilemque</span> 
     </span>
     <span class='ocr_line' id='line_1_36' title="bbox 200 2391 1607 2441; baseline -0.006 -8"><span class='ocrx_word' id='word_1_298' title='bbox 200 2405 263 2433; x_wconf 88' lang='lat' dir='ltr'>aut</span> <span class='ocrx_word' id='word_1_299' title='bbox 280 2398 328 2432; x_wconf 60' lang='lat' dir='ltr'>vii</span> <span class='ocrx_word' id='word_1_300' title='bbox 342 2404 439 2441; x_wconf 87' lang='lat' dir='ltr'>tute,</span> <span class='ocrx_word' id='word_1_301' title='bbox 453 2403 517 2431; x_wconf 86' lang='lat' dir='ltr'>aut</span> <span class='ocrx_word' id='word_1_302' title='bbox 541 2397 656 2441; x_wconf 82' lang='lat' dir='ltr'>sama,</span> <span class='ocrx_word' id='word_1_303' title='bbox 677 2402 742 2430; x_wconf 77' lang='lat' dir='ltr'>aut</span> <span class='ocrx_word' id='word_1_304' title='bbox 759 2396 912 2430; x_wconf 74' lang='lat' dir='ltr'>fortuna</span> <span class='ocrx_word' id='word_1_305' title='bbox 933 2394 1079 2427; x_wconf 74' lang='lat' dir='ltr'>hostem</span> <span class='ocrx_word' id='word_1_306' title='bbox 1095 2399 1248 2427; x_wconf 87' lang='lat' dir='ltr'>euntem</span> <span class='ocrx_word' id='word_1_307' title='bbox 1264 2391 1456 2426; x_wconf 83' lang='lat' dir='ltr'>consulem</span> <span class='ocrx_word' id='word_1_308' title='bbox 1478 2403 1607 2438; x_wconf 85' lang='lat' dir='ltr'>prose—</span> 
     </span>
     <span class='ocr_line' id='line_1_37' title="bbox 198 2467 490 2510; baseline -0.003 -15"><span class='ocrx_word' id='word_1_309' title='bbox 198 2467 382 2508; x_wconf 88' lang='lat' dir='ltr'>quuntur.</span> <span class='ocrx_word' id='word_1_310' title='bbox 406 2477 420 2491; x_wconf 78' lang='grc' dir='ltr'><strong>υ</strong></span> <span class='ocrx_word' id='word_1_311' title='bbox 483 2506 490 2510; x_wconf 48' lang='grc'>-</span> 
     </span>
    </p>

    <p class='ocr_par' dir='ltr' id='par_1_13' title="bbox 198 2516 1598 2631">
     <span class='ocr_line' id='line_1_38' title="bbox 253 2516 1598 2564; baseline -0.005 -6"><span class='ocrx_word' id='word_1_312' title='bbox 253 2524 341 2558; x_wconf 70' lang='grc' dir='ltr'>(ΣΑΡ.</span> <span class='ocrx_word' id='word_1_313' title='bbox 372 2523 532 2559; x_wconf 87' lang='lat' dir='ltr'>LXXII.</span> <span class='ocrx_word' id='word_1_314' title='bbox 565 2522 842 2557; x_wconf 63' lang='lat' dir='ltr'>Cras-valorum.</span> <span class='ocrx_word' id='word_1_315' title='bbox 874 2520 919 2555; x_wconf 82' lang='lat' dir='ltr'>H.</span> <span class='ocrx_word' id='word_1_316' title='bbox 947 2531 977 2553; x_wconf 88' lang='lat' dir='ltr'>e.</span> <span class='ocrx_word' id='word_1_317' title='bbox 1010 2530 1141 2553; x_wconf 82' lang='lat' dir='ltr'>eorum</span> <span class='ocrx_word' id='word_1_318' title='bbox 1167 2516 1233 2564; x_wconf 85' lang='lat' dir='ltr'>qui</span> <span class='ocrx_word' id='word_1_319' title='bbox 1262 2516 1400 2550; x_wconf 58' lang='lat' dir='ltr'>medem</span> <span class='ocrx_word' id='word_1_320' title='bbox 1433 2516 1598 2551; x_wconf 84' lang='lat' dir='ltr'>moliun—</span> 
     </span>
     <span class='ocr_line' id='line_1_39' title="bbox 198 2581 1061 2631; baseline -0.007 -11"><span class='ocrx_word' id='word_1_321' title='bbox 198 2592 279 2631; x_wconf 86' lang='lat' dir='ltr'>tur,</span> <span class='ocrx_word' id='word_1_322' title='bbox 298 2586 357 2620; x_wconf 72' lang='lat' dir='ltr'>vol</span> <span class='ocrx_word' id='word_1_323' title='bbox 384 2598 429 2621; x_wconf 88' lang='lat' dir='ltr'>ex</span> <span class='ocrx_word' id='word_1_324' title='bbox 453 2584 612 2621; x_wconf 85' lang='lat' dir='ltr'>libidine</span> <span class='ocrx_word' id='word_1_325' title='bbox 632 2585 689 2618; x_wconf 77' lang='lat' dir='ltr'>vel</span> <span class='ocrx_word' id='word_1_326' title='bbox 715 2590 876 2630; x_wconf 75' lang='lat' dir='ltr'>propter</span> <span class='ocrx_word' id='word_1_327' title='bbox 898 2581 1061 2629; x_wconf 65' lang='lat' dir='ltr'>praemia.</span> 
     </span>
    </p>

    <p class='ocr_par' dir='ltr' id='par_1_14' title="bbox 254 2643 1081 2693">
     <span class='ocr_line' id='line_1_40' title="bbox 254 2643 1081 2693; baseline -0.011 -9"><span class='ocrx_word' id='word_1_328' title='bbox 254 2650 342 2685; x_wconf 68' lang='lat' dir='ltr'>CAr.</span> <span class='ocrx_word' id='word_1_329' title='bbox 364 2648 544 2683; x_wconf 74' lang='lat' dir='ltr'>LXXIII,</span> <span class='ocrx_word' id='word_1_330' title='bbox 577 2647 747 2693; x_wconf 62' lang='lat' dir='ltr'>Est-epit.</span> <span class='ocrx_word' id='word_1_331' title='bbox 773 2646 817 2679; x_wconf 85' lang='lat' dir='ltr'>H.</span> <span class='ocrx_word' id='word_1_332' title='bbox 848 2657 876 2678; x_wconf 67' lang='lat' dir='ltr'>e.</span> <span class='ocrx_word' id='word_1_333' title='bbox 907 2643 1081 2689; x_wconf 68' lang='lat' dir='ltr'>suscepit.</span> 
     </span>
    </p>
   </div>
  </div>
 </body>
</html>
