1971 3342
373 236 419 273 Sl,
918 233 956 269 C.
989 235 1222 270 SUETONII

373 319 653 381 perfunctum
682 317 860 375 litteris,
894 318 965 362 sed
1011 318 1241 362 imbutum.
1268 338 1288 359 υ
1320 319 1499 362 Veteres
1533 333 1754 379 gramma-

374 399 448 444 tici
488 409 529 443 et
565 399 827 443 rhetoricam
857 398 1071 443 docebant
1100 417 1109 442 :
1139 415 1188 443 ac
1219 397 1460 442 multorum
1489 397 1542 441 de
1569 407 1757 458 utraque

377 490 469 525 arte
498 480 803 524 commentarii
837 479 1050 524 feruntur.
1085 479 1335 524 Secundum
1362 495 1495 539 quam
1521 488 1757 522 consuetu-

374 560 524 605 dinem
552 562 813 621 posteriores
835 577 1010 620 quoque
1036 561 1236 604 existimo
1255 595 1265 613 ,
1293 576 1560 620 quamquam
1578 559 1667 619 jam
1692 557 1758 601 di-

375 642 526 686 scretis
555 640 925 702 professionibus,
967 639 1253 684 nihilominus
1284 638 1352 684 vel
1392 640 1652 695 retinuisse,
1691 638 1760 682 vel

377 723 620 766 instituisse
642 731 682 765 et
702 722 818 782 ipsos
839 720 1039 781 quaedam
1062 737 1222 781 genera
1245 721 1574 764 institutionum
1595 719 1651 763 ad
1674 718 1762 763 elo-

375 804 601 863 quentiam
639 801 971 863 praeparandam
988 836 998 856 ‚
1035 811 1083 845 ut
1111 800 1380 862 problemata
1397 835 1409 858 ,
1446 800 1734 861 paraphrases
1751 835 1763 857 ,

376 883 688 940 allocutiones,
715 882 982 945 ethologias,
1014 893 1146 943 atque
1176 882 1260 926 alia
1294 883 1375 926 hoc
1405 899 1562 944 genus3
1594 899 1649 926 ne
1678 883 1761 926 sci-

378 964 477 1009 licet
509 966 611 1008 sicci
644 966 828 1008 omnino
863 974 994 1024 atque
1030 962 1139 1007 aridi
1178 964 1301 1024 pueri
1332 963 1580 1007 rhetoribus
1614 962 1784 1021 trade-¹

379 1055 532 1089 rentur
554 1062 562 1087 :
591 1061 686 1104 quae
709 1043 886 1104 quidem
905 1045 1048 1088 omitti
1070 1044 1160 1104 jam
1190 1042 1336 1099 video,
1365 1042 1528 1087 desidia
1554 1060 1767 1103 quorum-

382 1125 481 1169 dam
514 1135 556 1168 et
586 1125 796 1177 infantia3
822 1141 911 1168 non
945 1124 1061 1168 enim
1085 1123 1261 1167 fastidio
1292 1133 1457 1184 putem.
1487 1126 1560 1167 Me
1589 1123 1766 1184 quidem

380 1205 729 1263 adolescentulo,
769 1215 941 1266 repeto,
984 1204 1245 1265 quemdam,
1275 1205 1526 1265 Principem
1561 1205 1767 1260 nomine,

381 1286 561 1331 alternis
589 1287 744 1330 diebus
766 1285 1009 1330 declamare
1026 1320 1036 1340 ‚
1062 1284 1241 1329 alternis
1269 1284 1515 1346 disputare,
1543 1283 1770 1329 nonnullis

382 1385 485 1412 vero
522 1384 650 1411 mane
683 1367 916 1424 disserere,
951 1376 1049 1427 post
1078 1366 1332 1421 meridiem,
1368 1376 1538 1410 remoto
1570 1364 1770 1427 pulpito,

385 1447 632 1492 declamare
667 1447 861 1492 solitum.
892 1447 1141 1492 Audiebam
1172 1447 1302 1490 etiam
1329 1448 1540 1490 memoria
1567 1456 1769 1507 patrum,

384 1528 600 1590 quosdam
635 1545 660 1572 e
685 1528 958 1589 grammatici
989 1527 1134 1571 statim
1166 1526 1270 1570 ludo
1298 1527 1501 1572 transisse
1526 1528 1569 1570 in
1599 1527 1770 1582 forum,

387 1619 518 1670 atque
551 1610 596 1652 in
629 1624 861 1652 numerum
892 1608 1353 1668 praestantissimorum
1387 1617 1674 1667 patronorum
1700 1624 1770 1650 re-

384 1700 547 1750 ceptos.
578 1688 696 1734 Clari
724 1688 992 1749 professores
1011 1723 1022 1741 ,
1051 1697 1092 1731 et
1119 1687 1172 1731 de
1197 1687 1356 1747 quibus
1381 1687 1507 1748 prodi
1533 1688 1670 1748 possit
1693 1685 1771 1730 ali-

384 1770 492 1831 quid
518 1770 733 1814 duntaxat
760 1786 784 1812 a
812 1769 965 1825 nobis,
998 1767 1085 1812 fere
1113 1767 1156 1810 hi
1184 1768 1375 1811 fuerunt.

449 1854 503 1895 V.
533 1852 697 1896 Saevius
718 1851 914 1895 Nicanor
935 1850 1101 1910 primus
1123 1848 1177 1891 ad
1200 1847 1358 1891 famam
1384 1847 1772 1909 dignationemque

386 1931 585 1976 docendo
610 1932 809 1992 pervenit
837 1947 846 1974 :
874 1931 1062 1990 fecitque
1089 1939 1246 1991 praeter
1268 1930 1630 1986 commentarios,
1657 1946 1770 1989 quo-

385 2029 484 2056 rum
509 2023 656 2056 tamen
677 2028 778 2073 pars
795 2012 986 2055 maxima
1007 2011 1245 2070 intercepta
1266 2009 1443 2065 dicitur,
1462 2010 1640 2054 satiram
1661 2027 1769 2070 quo-

385 2110 495 2154 que;
522 2094 566 2136 in
595 2109 680 2153 qua
710 2091 966 2135 libertinum
993 2107 1062 2146 se,
1093 2107 1142 2134 ac
1169 2089 1334 2151 duplici
1365 2090 1626 2151 cognomine
1656 2106 1772 2146 esse,

386 2192 463 2236 per
492 2174 574 2218 hoc
600 2174 764 2218 indicat
793 2191 801 2217 :

543 2302 681 2338 Saevius
708 2301 871 2337 Nicanor
891 2301 1011 2336 Marci
1032 2302 1191 2337 libertus
1210 2301 1385 2349 negabit,

543 2364 682 2400 Saevius
710 2364 921 2399 Postumius
947 2364 1072 2409 idem3
1100 2370 1137 2399 at
1158 2365 1308 2398 Marcus
1337 2363 1501 2398 docebit.

387 2490 523 2546 Sunt,
545 2488 619 2549 qui
652 2488 853 2545 tradant,
884 2488 940 2533 ob
966 2488 1188 2532 infamiam
1211 2486 1445 2548 quamdam
1476 2503 1575 2531 eum
1603 2486 1647 2529 in
1671 2486 1774 2529 Sar-

389 2569 552 2613 diniam
578 2570 830 2626 secessisse,
850 2569 999 2629 ibique
1027 2568 1142 2612 diem
1170 2568 1345 2613 obiisse.

453 2652 529 2693 VI.
582 2648 785 2694 Aurelius
826 2648 1024 2709 Opilius,
1066 2650 1254 2709 epicurei
1295 2648 1524 2710 cujusdam
1564 2646 1772 2701 libertus,
