1988 3407
615 265 667 299 IN
698 263 809 299 ocT.
840 262 1137 298 AUGUSTUM.
1509 272 1579 307 ιω

237 343 385 378 Ludios.
413 343 458 378 H.
486 354 516 377 e.
538 342 743 376 saltatores.
765 337 877 374 ovid.
891 365 900 383 ‚
925 339 1004 373 Art.
1026 351 1124 381 am„
1148 351 1159 372 1
1173 365 1183 382 ‚
1216 350 1228 372 1
1244 351 1284 372 12
1314 352 1320 372 :

324 438 443 471 Ludius
459 444 613 480 mquatam
630 443 678 468 ter
694 435 775 480 pede
797 436 901 478 pulsat
917 434 1062 467 humum.

242 533 480 579 Aretalogos.
504 530 619 566 lirant
638 527 858 576 philosophi
877 527 966 575 qui,
995 540 1115 575 quum
1136 533 1339 562 sectatores
1366 537 1446 561 non
1465 525 1584 561 habe-

185 601 287 639 rent,
307 592 480 629 convivia
509 592 709 627 beatorum
730 590 1045 638 frequentabant,
1067 597 1103 624 et
1128 596 1278 626 saturos
1296 587 1410 625 variis
1438 587 1486 624 de
1503 589 1585 623 vir—

184 664 265 692 tute
285 663 322 692 et
347 655 440 691 vitio
461 652 783 702 disputationibus
811 652 1064 688 delectabant.
1085 653 1166 688 Hos
1192 653 1433 688 circulatores
1446 650 1587 700 philo-

185 719 325 767 sophos
349 717 522 754 nominat
539 717 667 752 Senec.
681 744 691 762 ‚
710 716 835 763 Epist.
857 727 962 752 xxix.
994 715 1051 751 Cf.
1070 717 1233 760 Juwm„
1259 728 1326 761 xv,
1357 715 1402 751 16
1427 729 1435 750 :

329 841 336 847 .
357 839 366 846 .
387 840 395 847 .
415 840 424 847 .
443 814 561 853 Bilem,
582 820 635 845 aut
655 812 752 844 risum
773 811 902 844 foriasze
919 813 1108 856 quibusdam

326 873 471 902 Moverat
483 894 491 909 ,
509 877 543 902 ut
555 869 697 904 mendax
717 869 916 911 Aretalogus.

240 947 328 981 Cn.
352 945 511 980 LXXV.
541 943 848 991 Prosusissc'me...
869 942 1108 990 joculariter.
1138 944 1167 978 Ῑ.
1195 955 1226 978 e.
1248 942 1414 978 maximo
1442 949 1590 987 sumtu,

187 1020 301 1056 quem
312 1014 438 1043 tamen
445 1019 723 1055 nonnunquam
737 1006 774 1042 in
784 1006 970 1054 jocularia
984 1013 1130 1043 tantum
1140 1005 1422 1054 profundebat,
1436 1010 1591 1041 notante

188 1070 242 1105 Cl.
266 1071 380 1105 Hase.

249 1133 396 1168 Titulc's.
435 1133 511 1179 Qui
544 1134 770 1181 plerumque
810 1130 958 1180 aliquid
1006 1129 1128 1178 turpis
1159 1129 1367 1175 haberent,
1400 1136 1592 1177 tamquam

187 1194 266 1242 ipsa
291 1195 407 1230 verba
428 1196 572 1239 cilicia,
595 1195 800 1242 spongias,
822 1193 997 1229 rutabula
1025 1199 1062 1228 et
1078 1190 1256 1240 forcipes
1267 1218 1279 1235 ‚
1300 1190 1339 1227 in
1359 1191 1500 1239 quibus
1521 1191 1594 1227 ob-

188 1267 299 1292 scena
328 1258 418 1292 latet
443 1256 680 1306 significatio.
705 1256 885 1304 Spongia:
910 1254 1010 1291 enim
1039 1260 1077 1289 et
1111 1254 1309 1297 rutabula,
1341 1252 1383 1289 id
1411 1265 1491 1302 quo
1521 1253 1594 1289 viri

189 1331 318 1355 sumus
338 1320 486 1355 occulte
507 1318 741 1368 significant3
762 1319 887 1353 cilicia
910 1324 945 1353 et
959 1316 1136 1365 forcipes
1156 1323 1328 1365 spectant
1348 1315 1397 1352 ad
1416 1315 1595 1363 feminas,

188 1393 352 1416 venereo
381 1394 504 1417 sensu.

243 1444 647 1491 Inoequalc'ssc'marum.
668 1445 714 1480 H.
736 1457 767 1480 e.
791 1443 931 1480 diversi
955 1442 1084 1492 pretii.

249 1505 462 1540 Vemlc'tare.
501 1507 666 1541 Solenne
700 1506 771 1542 fuit
807 1506 911 1554 apud
945 1513 1090 1542 veteres
1123 1504 1162 1540 in
1201 1503 1379 1540 convivio
1419 1504 1597 1539 convivas

190 1567 507 1603 factalicitatione
528 1568 758 1614 exhilarare,
780 1575 871 1604 teste
892 1568 1051 1614 Athen,
1072 1579 1173 1613 x111,
1193 1580 1231 1615 p.
1254 1566 1328 1612 607
1353 1580 1360 1601 ι
1382 1568 1445 1604 Εἶθ’
1465 1572 1594 1618 ὕστερον

188 1638 395 1681 πωλουμένης
413 1640 469 1674 τῆς
492 1633 682 1682 αὐλητρίδες
701 1635 861 1682 (καθάπερ
887 1637 951 1675 ἔοις
977 1637 1062 1669 ἐστιν
1086 1636 1115 1669 ἐν
1143 1637 1208 1674 τοῖς
1231 1636 1342 1673 πότοις
1364 1633 1540 1680 γίνεσθαι),
1567 1635 1596 1667 ἐν

189 1703 235 1742 τῷ
264 1699 430 1744 ἀγοράζειν
450 1699 536 1732 πάνυ
553 1700 720 1738 νεανίσκος
740 1698 776 1736 ἦν
798 1713 826 1733 κ.
851 1713 882 1732 τ.
903 1704 933 1731 λ-

247 1756 389 1790 Lectos.
411 1757 554 1802 Nempe
576 1756 823 1791 convivarum
845 1768 1004 1792 mensas.

247 1818 335 1852 (ῘΑΡ.
368 1818 546 1853 [ΧΧῪΙ.
582 1818 704 1852 ,Manu
726 1831 916 1866 pressum.
950 1817 1037 1854 Scil.
1075 1819 1246 1860 mollem,
1286 1815 1599 1866 distinguendum

193 1879 347 1928 quidem
369 1892 388 1915 a
415 1880 600 1914 veteribus·
628 1887 665 1916 ct
683 1882 814 1915 aridis.
841 1881 898 1916 Cf.
920 1882 1047 1915 BunM.
1070 1886 1107 1915 et
1129 1882 1303 1924 Coum„
1327 1891 1378 1924 11,
1411 1892 1423 1913 1
1439 1892 1468 1914 i.

247 1942 366 1976 ficos.
390 1942 504 1986 Plin.‚
541 1944 584 1977 H.
620 1944 688 1984 N,
714 1955 798 1988 ΧΠ,
831 1955 877 1988 27
915 1956 920 1977 :
956 1959 969 1973 α
989 1944 1086 1977 Sunt
1119 1948 1155 1976 et
1178 1940 1307 1977 biferae
1336 1939 1375 1976 in
1407 1940 1599 1976 ficubus.»

193 2007 368 2049 Coum„
395 2016 440 2049 x,
464 2005 568 2046 403:

333 2094 422 2124 Tunc
438 2103 560 2135 prmcox
581 2093 682 2125 bifera
700 2093 864 2125 descendit
885 2093 924 2125 ab
946 2093 1061 2124 arbore
1083 2093 1172 2124 ficus.

248 2176 314 2210 Ex
341 2176 452 2222 regia.
489 2179 669 2221 Quaenam
702 2177 748 2213 sit
780 2178 842 2212 illa
874 2176 1003 2226 regia,
1034 2183 1163 2211 utrum
1196 2175 1328 2211 Numae
1350 2174 1460 2221 juxta
1485 2173 1602 2209 aedeni

195 2239 340 2283 Vestae,
365 2251 413 2274 an
434 2239 539 2288 regia
560 2241 658 2289 regis
686 2253 904 2285 sacrorum,
926 2241 1126 2275 incertum.

253 2301 632 2348 &abbatisjzjmzimm
661 2303 834 2338 Sabbatis
861 2302 1051 2350 jejunium
1079 2301 1282 2337 servabant
1301 2300 1442 2346 Judaei‚
1466 2300 1496 2335 si
1514 2299 1603 2334 sab—

199 2363 326 2398 batum
355 2375 426 2410 pro
446 2364 689 2401 hebdomade
710 2366 958 2413 accipianius3
980 2365 1055 2409 sin,
1077 2371 1118 2399 ut
1139 2365 1255 2410 solet,
1276 2363 1323 2399 de
1353 2363 1514 2411 septimo
1543 2361 1605 2397 die

198 2425 449 2461 hebdomadis
478 2426 746 2475 intelligamus,
776 2429 933 2463 omnino
967 2428 1101 2463 falsum
1133 2434 1188 2463 est
1230 2430 1278 2462 At
1310 2439 1432 2475 quum
1470 2425 1518 2461 ab
1553 2423 1605 2460 eis

196 2488 326 2523 crebra
369 2490 541 2536 usurpari
567 2490 710 2536 jejunia
742 2490 881 2526 scirent
912 2489 1075 2526 Romani
1112 2496 1148 2525 et
1174 2489 1211 2524 in
1243 2489 1376 2537 primis
1404 2488 1604 2524 sabbatum

196 2550 241 2584 ab
269 2549 400 2585 iisdem
421 2552 628 2598 celebrari,
648 2553 687 2588 id
717 2553 787 2590 sibi
813 2562 953 2589 temere
974 2559 1248 2601 persuaserant.
1274 2551 1368 2587 Inde
1392 2563 1499 2586 error
1521 2551 1606 2586 Au—

195 2612 295 2658 gusti
322 2625 366 2648 ex
389 2612 599 2661 ignorantia
622 2628 770 2652 morum
792 2615 874 2663 ejus
893 2615 1024 2666 gentis.
1051 2615 1194 2651 Eodem
1216 2613 1333 2649 modo
1353 2611 1606 2649 hallucinatus

200 2680 252 2708 cst
275 2675 408 2710 Justin.
423 2704 432 2719 ,
454 2689 592 2720 xxxvi,
623 2690 656 2712 α.
