1971 3342
389 242 437 279 ζμ)
925 243 964 278 C.
997 245 1231 281 SUETONII

386 322 591 384 sarioqne
627 324 681 368 ad
712 328 999 388 mangonicos
1028 340 1220 390 quaestus
1252 332 1518 378 sustinendae
1545 334 1772 397 dignitatis

386 419 515 447 causa
539 403 836 450 descenderit:
855 418 1039 469 propter
1061 411 1180 470 quod
1196 410 1331 474 vulgo
1354 413 1498 457 Mulio
1514 416 1773 463 vocabatur.

386 485 626 530 Convictus
639 503 819 547 quoqne
832 487 995 533 dicitur
1015 489 1201 535 ducenta
1216 495 1412 537 sestertia
1430 497 1692 556 expressisse
1703 500 1774 559 ju-

385 565 506 621 veni,
529 567 600 609 cui
622 565 757 610 latum
783 567 954 612 clavum
971 569 1176 615 adversus
1192 574 1328 633 patris
1349 573 1616 620 voluntatem
1633 579 1776 640 impe-

384 655 534 702 trarat,
555 663 695 707 eoque
722 649 900 692 nomine
923 651 1117 711 graviter
1136 654 1389 715 increpitus.
1411 658 1776 719 Peregrinatione

381 725 557 770 achaica
586 728 699 771 inter
720 730 901 773 comites
929 732 1146 790 Neronis,
1173 751 1332 794 quum,
1359 746 1566 781 cantante
1605 755 1677 796 eo,
1700 751 1777 785 aut

381 806 623 852 discederet
644 810 827 871 saepius,
857 821 932 855 aut
958 829 1145 873 praesens
1168 814 1539 875 obdormisceret,
1571 822 1777 880 gravissi-

380 905 495 932 mam
522 893 741 935 contraxit
771 892 983 937 offensam
1011 911 1020 938 :
1044 896 1382 958 prohibitusque
1410 916 1499 943 non
1534 903 1773 946 contuber-

382 971 453 1013 nio
493 970 645 1026 modo,
688 972 764 1016 sed
802 974 933 1017 etiam
974 974 1149 1036 publica
1187 976 1481 1034 salutatione,
1517 984 1691 1026 secessit
1729 985 1772 1027 in

379 1068 559 1111 parvam
599 1069 650 1096 ac
678 1053 850 1098 deviam
891 1056 1134 1110 civitatem,
1162 1058 1310 1118 quoad
1350 1058 1505 1104 latenti
1549 1064 1770 1124 etiamque

377 1141 570 1175 extrema
610 1136 821 1177 metuenti
863 1137 1090 1196 provincia
1131 1155 1231 1181 cum
1270 1141 1462 1184 exercitu
1504 1141 1651 1186 oblata
1693 1154 1769 1187 est.

376 1213 713 1257 Percrebruerat
730 1216 913 1259 Oriente
935 1227 1029 1260 toto
1049 1228 1174 1262 vetus
1196 1229 1238 1263 et
1258 1231 1464 1264 constans
1480 1223 1656 1283 opinio,
1681 1240 1773 1268 esse

376 1294 420 1336 in
445 1293 568 1350 fatis,
607 1304 655 1338 ut.
685 1312 736 1338 eo
767 1305 969 1356 tempore
999 1298 1147 1342 Judaea
1175 1300 1361 1360 profecti
1391 1318 1538 1345 rerum
1568 1305 1771 1363 potiren-

376 1383 461 1416 tur.
487 1374 538 1417 Id
568 1375 621 1418 (le
652 1376 916 1437 imperatore
949 1395 1161 1433 romano,
1183 1391 1397 1440 quantum
1427 1393 1578 1444 postea
1609 1396 1771 1429 eventu

375 1456 547 1514 paruit,
572 1456 858 1517 praedictum,
885 1458 1023 1502 Judaei
1044 1460 1098 1503 ad
1120 1478 1164 1504 se
1188 1462 1436 1519 trahentes,
1462 1464 1734 1510 rebellarunt
1759 1484 1767 1510 :

372 1552 573 1596 caesoque
612 1539 872 1598 praeposito,
898 1539 1088 1601 legatum
1117 1543 1297 1603 insuper
1323 1545 1460 1604 Syriae
1487 1545 1767 1590 consularem

373 1618 597 1676 suppetias
619 1617 855 1675 ferentem,
885 1630 1008 1681 rapta
1037 1622 1212 1681 aquila,
1240 1623 1519 1685 fugaverunt.
1554 1626 1624 1671 Ad
1649 1626 1769 1671 hunc

373 1706 545 1740 motum
589 1700 979 1759 comprimendum
1021 1719 1159 1762 quum
1204 1706 1397 1748 exercitu
1435 1705 1649 1767 ampliore
1666 1743 1676 1760 ,
1726 1718 1771 1752 et

373 1793 462 1819 non
492 1778 722 1822 instrenuo
749 1779 884 1836 duce,
912 1783 981 1825 cui
1016 1792 1161 1826 tamen
1190 1794 1287 1827 tuto
1314 1795 1436 1829 tanta
1466 1804 1536 1831 res
1563 1789 1769 1832 commit·

373 1866 554 1913 teretur,
577 1875 688 1918 opus
718 1871 855 1916 rsset,
884 1862 975 1922 ipse
1000 1864 1278 1924 potissimum
1307 1865 1524 1924 delectus,
1551 1879 1601 1912 ut
1628 1879 1670 1913 et
1703 1870 1768 1913 in-

371 1935 550 1981 dustriae
569 1950 779 1998 expertae,
804 1958 885 1985 nec
907 1943 1168 1988 metuendus
1190 1944 1281 1989 ullo
1304 1947 1435 1990 modo
1460 1949 1516 1991 ob
1542 1948 1768 1994 humilita-

370 2027 460 2061 tem
485 2020 657 2079 generis
679 2037 728 2064 ac
747 2023 951 2067 nominis.
979 2023 1153 2068 Additis
1175 2025 1311 2086 igitur
1336 2026 1390 2070 ad
1419 2029 1568 2089 copias
1594 2029 1767 2073 duabus

374 2097 648 2160 legionibus,
674 2112 775 2145 octo
801 2102 901 2159 alis,
927 2104 1184 2149 cohortibus
1207 2105 1379 2160 decem,
1404 2118 1537 2168 atque
1565 2111 1680 2154 inter
1704 2109 1766 2153 lc-

369 2188 493 2240 gatos
525 2182 694 2242 majore
724 2181 815 2226 filio
849 2195 1072 2239 assumto,
1100 2197 1148 2230 ut
1178 2188 1370 2248 primum
1394 2191 1665 2250 provinciam
1696 2201 1764 2234 at-

370 2262 496 2322 tigit,
524 2264 746 2323 proximas
774 2281 952 2326 quoque
982 2270 1202 2312 convertit
1229 2270 1275 2313 in
1303 2286 1372 2323 se,
1395 2281 1596 2315 correcta
1618 2272 1762 2315 statim

367 2353 614 2387 castrorum
646 2345 902 2406 disciplina,
931 2365 1108 2409 unoque
1133 2360 1177 2393 et
1205 2349 1344 2394 altero
1366 2350 1522 2411 proelio
1550 2362 1638 2395 tam
1659 2369 1763 2395 con-

369 2433 536 2467 stanter
567 2425 704 2482 inito,
734 2436 780 2470 ut
813 2427 855 2470 in
882 2430 1215 2490 oppugnatione
1248 2430 1414 2475 castelli
1441 2431 1596 2493 lapidis
1624 2434 1760 2476 ictum

370 2520 485 2564 genu
501 2539 512 2561 ,
537 2516 752 2566 scutoque
781 2509 960 2569 sagittas
988 2508 1157 2569 aliquot
1179 2512 1412 2572 exceperit.

432 2586 485 2628 V.
515 2587 620 2630 Post
645 2588 872 2631 Neronem
894 2588 1197 2650 Galbamque,
1224 2592 1402 2636 Otlionc
1423 2603 1556 2653 atque
1579 2592 1761 2637 Vitellio

371 2663 422 2707 de
452 2665 703 2727 principatu
731 2669 1030 2726 certantibus,
1060 2671 1100 2712 in
1137 2688 1257 2730 spem
1285 2673 1455 2732 imperii
1490 2673 1632 2728 venit,
1670 2674 1762 2732 jani
