1988 3439
607 254 848 290 ocrAvqu
879 253 1145 289 AUGUSTUS.
1503 271 1544 305 91

187 336 402 397 sepsitque
436 338 610 398 insuper
644 336 841 381 custodia
877 336 1077 381 militum.
1108 338 1233 382 Cavit
1267 340 1395 384 etiam
1429 357 1551 384 sena-

187 416 483 475 tusconsulto,
509 427 557 462 ut
583 417 733 462 eodem
761 416 843 462 loci
871 417 915 461 in
942 426 1202 479 perpetuum
1229 421 1551 475 contineretur3

184 506 315 557 atque
344 497 396 542 ad
426 514 598 542 omnem
629 508 673 543 et
701 499 794 560 ejus
821 508 864 543 et
891 497 1106 544 Juliarum
1137 499 1401 544 mentionem
1433 501 1552 562 inge-

186 578 386 635 miscens,
410 577 679 639 proclamare
705 580 834 624 etiam
862 578 1046 638 solebat,

255 702 338 742 A'a'a’
358 703 484 750 ’ὄφελον
507 705 665 757 ἄγαμός
688 706 723 744 τ’
745 704 896 753 ἔμεναι,
922 706 1057 758 ἄγονός
1077 709 1115 745 τ’
1137 705 1374 745 ἀπολέσθαι·

183 839 262 867 nec
284 821 407 867 aliter
425 839 496 868 eos
517 822 754 885 appellare,
772 841 904 885 quam
923 834 1010 870 tres
1028 825 1236 883 vomicas,
1261 835 1337 870 aut
1359 826 1439 870 tria
1464 842 1555 869 car-

183 913 398 947 cinomata
423 920 513 948 sua.

243 984 401 1029 LXVI.
437 986 660 1031 Amicitias
687 1003 828 1048 neque
855 986 980 1032 facile
1006 987 1204 1045 admisit,
1228 997 1271 1032 et
1294 989 1555 1032 constantis-

181 1063 286 1108 sime
313 1065 516 1122 retinuit;
546 1084 635 1111 non
664 1077 836 1112 tantum
869 1069 1052 1113 virtutes
1083 1085 1132 1112 ac
1159 1068 1312 1112 merita
1345 1068 1557 1129 cujusque

180 1143 310 1205 digne
333 1156 615 1206 prosecutus,
642 1148 714 1192 sed
739 1149 844 1193 vitia
868 1165 1043 1209 quoque
1070 1158 1112 1193 et
1135 1147 1315 1205 delicta,
1344 1148 1557 1192 duntaxat

183 1225 372 1279 modica,
396 1244 638 1288 perpessus.
663 1230 817 1289 Neque
836 1231 950 1273 enim
973 1239 1133 1274 temere
1156 1245 1207 1272 ex
1230 1229 1349 1273 omni
1375 1245 1557 1273 numero

182 1305 228 1348 in
253 1307 442 1350 amicitia
469 1308 562 1368 ejus
590 1308 736 1353 afflicti
761 1310 1053 1370 reperientur,
1078 1319 1235 1370 praeter
1258 1308 1555 1353 Salvidienum

183 1386 370 1443 Rufum,
395 1404 525 1447 quem
550 1387 604 1431 ad
627 1387 902 1432 consulatum
928 1405 1085 1449 usque,
1108 1400 1150 1432 ct
1173 1388 1425 1433 Cornelium
1451 1389 1557 1434 Gal-

182 1464 294 1523 lum,
313 1483 442 1527 quem
463 1467 518 1511 ad
541 1467 843 1529 praefecturam
864 1469 1060 1530 AEgypti,
1080 1486 1130 1513 ex
1152 1468 1300 1512 infima
1320 1478 1558 1529 utrumque

183 1546 361 1591 fortuna
380 1558 650 1608 provexerat.
674 1550 877 1607 Quorum
899 1549 1104 1607 alterum,
1129 1566 1196 1594 res
1221 1565 1354 1593 novas
1379 1548 1559 1594 molien-

181 1636 288 1684 tem,
322 1627 617 1673 damnandum
646 1631 814 1674 senatui
840 1631 1021 1675 tradidit
1045 1648 1054 1674 ε
1083 1629 1229 1687 alteri,
1254 1630 1310 1674 ob
1334 1630 1556 1692 ingratum

181 1718 224 1753 et
259 1707 520 1755 malevolum
550 1711 768 1768 animum,
802 1711 932 1757 domo
964 1721 1006 1756 et
1038 1712 1274 1773 provinciis
1305 1711 1393 1755 suis
1427 1711 1560 1755 inter-

183 1790 307 1834 dixit.
336 1791 420 1835 Sed
448 1790 578 1836 Gallo
605 1808 781 1852 quoque
808 1802 850 1836 et
878 1802 1183 1836 accusatorum
1210 1791 1560 1836 denunciationi-

182 1871 265 1915 bus
303 1881 345 1916 et
379 1873 764 1916 senatusconsultis
804 1872 858 1916 ad
901 1890 1049 1917 necem
1084 1871 1332 1934 compulso,
1366 1871 1561 1916 laudavit

183 1951 359 2012 quidem
383 1952 589 2012 pietatem
612 1962 735 1997 tanto
758 1970 888 2014 opere
909 1971 990 2014 pro
1013 1970 1057 1997 se
1080 1953 1427 2014 indignantium3
1451 1963 1561 1998 cete-

182 2049 281 2077 rum
321 2042 363 2077 et
399 2031 711 2093 illacrymavit,
748 2043 790 2077 et
829 2034 966 2078 vicem
1007 2050 1128 2077 suam
1169 2044 1435 2094 conquestus
1470 2043 1559 2090 est,

183 2113 342 2173 «quod
375 2114 457 2157 sibi
491 2112 570 2158 soli
609 2131 698 2158 non
731 2112 909 2170 liceret,
941 2115 1116 2171 amicis,
1154 2124 1368 2175 quatenus
1406 2112 1562 2171 vellet,

185 2193 324 2237 irasci.
341 2212 361 2234 n
384 2192 556 2254 Reliqui
582 2196 776 2255 potentia
799 2205 930 2255 atque
953 2195 1108 2256 opibus
1133 2193 1186 2239 ad
1210 2194 1342 2238 finem
1371 2195 1469 2239 vitae
1494 2195 1561 2239 sui

185 2273 398 2334 cujusque
438 2273 603 2317 ordinis
641 2275 858 2335 principes
899 2274 1170 2331 floruerunt,
1213 2291 1478 2335 quamquam
1519 2284 1562 2318 et

186 2353 363 2398 offensis
383 2354 783 2398 intervenientibus.
801 2354 1076 2398 Desideravit
1089 2355 1205 2399 enim
1221 2371 1537 2415 nonnunquam
1549 2389 1561 2411 ,

186 2452 241 2479 ne
270 2434 323 2479 de
353 2433 552 2495 pluribus
585 2434 789 2490 reseram,
820 2444 863 2478 et
889 2436 952 2478 M.
980 2436 1182 2496 Agrippae
1209 2435 1488 2496 patientiam,
1518 2444 1561 2478 et

185 2516 436 2559 Maecenatis
459 2516 822 2571 taciturnitatem,
844 2531 980 2575 quum
1008 2513 1078 2558 ille
1102 2531 1151 2557 ex
1179 2514 1260 2558 levi
1284 2514 1437 2574 rigoris
1463 2530 1558 2557 sus-

187 2595 375 2656 picione,
403 2605 445 2639 et
471 2595 590 2656 quod
614 2594 849 2640 Marcellus
881 2595 960 2638 sibi
989 2594 1296 2650 anteferretur,
1325 2592 1558 2654 Mytilenas

187 2691 252 2732 se,
279 2675 438 2720 relictis
466 2676 691 2731 omnibus,
721 2675 993 2729 contulisset,
1024 2676 1091 2718 hic
1122 2685 1334 2719 secretum
1365 2673 1417 2717 (lc
1443 2691 1558 2718 coni—
