1988 3407
650 273 695 306 IN
729 274 767 306 C.
800 273 831 305 J.
865 273 1124 307 CAESAREM.
1518 287 1588 321 ¹²⁶.)

250 349 453 383 Det-minet.
470 350 665 385 Narrasset
684 362 750 384 seu
776 356 921 385 certum
948 349 1103 384 fecisset.
1127 350 1266 394 Caesar,
1293 351 1340 385 de
1355 352 1450 387 Bell.
1469 353 1587 395 Gau„

195 423 225 454 1,
250 410 270 446 3
299 422 306 444 :
333 427 347 441 a
369 410 445 456 Qui
471 411 519 446 de
544 411 601 446 his
622 411 744 446 rebus
769 412 974 446 doceant.»

253 473 479 520 Pignoribus
502 474 635 521 captis.
662 475 784 508 Poenae
812 485 930 521 genus
954 479 1034 508 erat
1058 473 1228 520 pignoris
1255 475 1401 521 captio,
1427 474 1589 510 maxime

190 541 327 584 negato
355 535 590 584 magistratui
611 534 807 582 obsequio.
843 535 940 580 Cic„
970 535 1017 570 de
1046 537 1177 579 Orat.,
1202 547 1253 571 111
1281 548 1290 570 ε
1314 552 1327 567 ‹-
1347 537 1521 572 Crassum
1550 537 1589 572 in

191 604 324 632 senatu
350 596 544 644 Philippus
564 597 695 632 consul
715 609 752 631 se
777 597 1017 632 lacessentem
1037 596 1265 646 pignoribus
1291 597 1409 645 captis
1428 597 1590 633 instituit

190 671 374 694 coercere.
394 675 408 690 »
436 658 534 694 Vide
561 659 667 704 L1v.,
689 671 759 703 111,
783 658 842 695 38.

243 721 414 768 Dirc-pta.
436 721 492 755 Ex
511 721 721 756 Casaubon.
740 734 748 755 z
767 720 798 756 si
818 721 902 769 quis
917 721 1059 756 consuli
1084 727 1147 757 aut
1165 721 1321 768 praetori
1341 734 1421 757 non
1435 721 1586 757 obtem-

188 789 359 830 peraret,
390 781 541 819 lictores
566 782 814 818 mittebantur
840 783 1013 831 quicum
1039 791 1268 819 coercerent.
1291 783 1330 820 Si
1358 784 1482 820 aditus
1508 792 1589 820 no'n

187 851 356 891 pateret,
381 843 479 879 fabri
501 844 782 880 adhibebantur
812 845 878 893 qui
908 844 1033 880 omnia
1057 845 1341 893 disturbabant3
1363 859 1477 895 quam
1498 846 1587 882 vio—

187 906 338 941 lentiam
373 906 550 954 exprimit
583 906 808 953 Suetonius,
838 920 932 943 voce
969 908 1134 955 direpta.
1173 908 1254 944 Erit
1290 908 1407 958 igitur
1437 910 1588 957 direpta

185 969 381 1015 supellex,
411 981 495 1016 quae
516 968 629 1004 fuerit
649 969 787 1017 cupide
813 971 948 1005 ablata.

240 1029 465 1065 Male-atum.
493 1031 538 1065 H.
561 1043 591 1066 e.
613 1032 814 1078 pulsatum.
843 1034 994 1068 Terent.
1009 1062 1018 1078 ‚
1042 1035 1228 1082 Adelph..
1252 1048 1289 1079 1,
1312 1047 1352 1080 2,
1379 1046 1423 1069 10
1447 1047 1454 1068 :

330 1124 487 1156 Mulcavit
503 1125 601 1166 usq'ue
620 1125 659 1156 ad
679 1133 823 1158 mortem.
847 1152 854 1158 .
878 1152 885 1159 .
907 1151 915 1159 .

243 1215 485 1263 Compellari.
514 1216 559 1250 11.
589 1228 619 1251 e.
647 1215 808 1262 deferri,
835 1218 1012 1253 accusari.
1042 1218 1158 1263 Quod
1184 1219 1262 1266 pati
1289 1232 1367 1254 non
1397 1220 1587 1257 debuisset

183 1277 348 1323 Novius;
380 1289 466 1312 nam
495 1278 561 1325 qui
593 1278 849 1327 magistratum
879 1281 1062 1329 gerebant
1089 1281 1256 1316 accusari
1282 1294 1359 1316 non
1386 1290 1586 1329 poterant,

183 1340 255 1376 nisi
281 1339 458 1376 abdicare
484 1353 521 1376 se
551 1341 768 1390 magistratu
794 1342 947 1378 fuissent
975 1343 1105 1378 coacti.

236 1402 324 1438 Cn.
339 1403 486 1438 XVIII.
502 1403 729 1439 Retinentes.
744 1405 930 1440 Plutarch.
943 1434 951 1450 ‚
967 1405 1003 1440 in
1022 1406 1161 1440 Coesar.
1175 1434 1185 1449 ,
1203 1420 1238 1454 p.
1260 1420 1277 1452 ῖ-
1290 1420 1299 1441 ι
1312 1419 1331 1441 9.
1348 1420 1355 1440 t
1372 1406 1586 1458 χῖῑηχλρῡ-,τας

180 1469 236 1503 καὶ
255 1467 499 1508 καταῧοῶντας.
520 1464 684 1512 Appiam.
701 1494 710 1510 ,
726 1467 763 1500 B.
781 1467 820 1501 C.
850 1480 861 1501 1
879 1481 892 1501 1
910 1496 918 1512 ‚
943 1479 980 1514 p.
1009 1469 1081 1510 432
1107 1480 1114 1501 :
1136 1479 1400 1519 Διαικρατοῦντας
1421 1477 1450 1508 ἐν
1472 1468 1584 1521 ῥώμῃ.

232 1526 409 1561 Removit.
427 1526 544 1571 Quod
558 1526 609 1562 ita
629 1535 759 1563 narrat
778 1529 966 1564 Plutarch.
979 1557 989 1574 ,
1015 1530 1079 1564 ub.
1102 1543 1204 1577 supr.
1223 1543 1231 1564 ε
1253 1529 1506 1582 Ᾱναὸεξαμένου
1529 1543 1584 1572 τοῦ

182 1595 337 1640 Κράσσου
355 1594 429 1632 τοὺς
442 1595 590 1640 μάλιστα.
603 1596 765 1639 χαλεποὺς
776 1597 796 1634 ἢ
810 1596 1055 1641 ἀπαραιτήτους
1068 1602 1129 1630 τῶν
1146 1594 1328 1631 δανειστῶν
1339 1625 1347 1639 ,
1362 1598 1418 1632 καὶ
1433 1595 1584 1646 &swa-ri-

182 1670 299 1695 σαντος
325 1657 524 1690 sarazanium
545 1657 601 1690 καὶ
619 1658 795 1702 τριάκοντα
808 1659 977 1692 ταλάντων
991 1686 999 1700 ,
1015 1661 1112 1698 οὕτως
1126 1659 1249 1698 ἐξῆλθεν
1272 1660 1325 1693 ἐπὶ
1344 1662 1400 1698 τὴν
1415 1663 1584 1707 ἐπαρχίαν.

239 1714 474 1749 Ornat-entur.
490 1713 652 1760 Quidam
679 1727 686 1748 :
708 1715 992 1761 ordinarentur,
1012 1728 1225 1763 perperam.
1247 1717 1466 1754 Provincias
1485 1719 1584 1754 enim

180 1775 368 1817 ordinare,
379 1782 458 1810 erat
467 1787 527 1811 eas
541 1776 770 1812 constituere
778 1778 836 1813 vel
846 1777 1062 1813 decernere.
1075 1779 1186 1813 Facta
1198 1791 1290 1814 vero
1300 1780 1582 1826 provinciarum

180 1836 397 1880 sortitione,
411 1837 556 1873 solebat
569 1845 718 1874 senatus
737 1852 810 1886 pro
832 1840 1016 1887 cujusque
1029 1840 1235 1888 provinciae
1255 1841 1402 1877 ratione
1423 1843 1583 1879 sormam

183 1898 427 1946 praescribere
441 1911 517 1947 qua
532 1899 897 1936 administrarentur.
919 1902 1073 1937 Solebat
1087 1902 1197 1937 etiam
1218 1915 1259 1938 ea
1275 1903 1479 1939 decernere
1500 1918 1584 1953 quoe

178 1958 508 2008 proficiscentibus
536 1961 740 1997 neccssaria
761 1962 1000 1998 videbantur.
1023 1964 1110 1999 Haec
1132 1977 1250 2011 quum
1283 1963 1437 2011 fierent,
1458 1969 1585 2002 omarz'

179 2021 404 2069 provinciae,
429 2024 561 2057 ornari
586 2023 695 2058 etiam
717 2032 898 2071 praetores
928 2025 1021 2073 ipsi,
1043 2028 1367 2073 proconsulesque
1396 2026 1580 2063 diceban-

178 2090 252 2120 tur.
276 2084 352 2121 Cic.
367 2113 376 2129 ,
395 2085 451 2120 ad
477 2090 576 2128 Aet„
602 2099 672 2132 ιιι,
696 2087 756 2123 23.
779 2103 798 2118 α
820 2090 946 2133 Quum
976 2087 1213 2134 scripsissetis
1239 2091 1454 2124 consulares
1483 2103 1580 2138 pro-

178 2145 320 2182 vincias
341 2154 493 2182 ornatas
525 2160 612 2184 esse.
636 2165 648 2178 v
676 2149 730 2184 Cf.
753 2150 914 2194 διαστῇ,
935 2151 982 2185 de
1004 2153 1087 2184 Ant.
1109 2151 1185 2184 lar.
1204 2164 1334 2198 procu,
1358 2164 1410 2197 11,
1438 2165 1449 2186 1
1468 2167 1477 2197 ;
1499 2154 1578 2188 En-

179 2220 286 2244 !uzsr.
302 2236 311 2254 ,
335 2208 434 2244 Clav.
468 2209 562 2253 Cic„
590 2210 627 2245 in
656 2214 810 2247 Ornare.

235 2271 397 2306 Privato.
429 2272 473 2306 H.
501 2284 530 2306 e.
560 2280 721 2318 praetura
743 2274 909 2309 abeunti.

232 2333 539 2379 Implorantibus.
562 2335 644 2369 Una
665 2336 902 2371 vexabantur
917 2349 935 2371 a
957 2337 1211 2374 creditoribus
1234 2346 1270 2374 et
1291 2339 1505 2375 vicinorum
1521 2342 1577 2376 la—

178 2394 358 2430 trociniis.
386 2395 483 2431 Vide
505 2398 746 2443 1ἰυτΛιιειῐ.,
768 2398 805 2433 in
830 2399 951 2443 Coes.‚·
974 2401 1113 2445 Dmu„
1140 2413 1287 2436 xxxvii.

233 2457 318 2491 Non
332 2466 563 2504 exspectato.
586 2459 828 2508 Magistratus
854 2460 1073 2496 decessurus
1086 2462 1282 2509 provincia
1296 2492 1305 2509 ,
1327 2476 1578 2500 successorem

176 2525 394 2566 exspectare
416 2518 597 2565 debebat,
612 2528 651 2555 ut
673 2521 705 2555 ei
720 2521 1083 2558 administrationem
1103 2530 1138 2558 et
1159 2524 1287 2571 copias
1310 2525 1493 2571 traderet;
1515 2526 1576 2561 in—

177 2587 310 2629 traque
331 2581 485 2629 triginta
510 2581 608 2626 dies,
630 2583 701 2617 hoc
726 2584 842 2629 sacto,
864 2584 1052 2632 proficisci
1076 2599 1094 2621 e
1115 2587 1194 2634 lege
1216 2587 1411 2631 Cornelia,
1432 2595 1473 2622 ut
1501 2589 1576 2624 do-

179 2649 236 2677 cet
255 2643 364 2679 Hase.

231 2705 374 2739 Etle‘cu's
387 2707 552 2741 comitiic.
570 2711 695 2752 Quum
710 2710 861 2756 publice
876 2711 1101 2747 constitutus
1113 2720 1203 2747 essct
1221 2711 1461 2747 comitiorum
1484 2713 1573 2750 dies.

376 2790 423 2818 Π.
1321 2797 1350 2838 9
