1971 3342
378 194 448 217 120
817 181 937 215 AULI
970 182 1125 215 PERSII
1154 181 1284 216 VITA.

373 268 492 311 Usus
520 274 583 309 est
611 264 729 326 apud
758 266 1008 309 Cornutum
1036 263 1224 307 duorum
1253 263 1456 307 convictu
1480 262 1752 306 doctissimo-

375 362 471 389 rum
507 355 549 389 et
583 345 958 389 sanctissimorum
994 344 1211 399 virorum,
1245 344 1402 386 acriter
1438 352 1530 386 tum
1557 341 1752 403 philoso-

375 425 630 486 phantium,
656 423 831 468 Claudii
860 424 1165 484 Agathemeri,
1190 422 1347 466 medici
1373 421 1691 476 lacedaemonii,
1712 432 1755 466 et

374 506 570 549 Petronii
600 505 900 559 Aristocratis,
927 504 1169 564 Magnetis,
1195 519 1304 563 quos
1330 504 1458 546 unice
1485 504 1667 546 miratus
1691 512 1757 547 est

374 595 417 628 et
438 584 689 640 aemulatus,
712 601 848 644 quum
869 582 1057 643 aequales
1082 592 1243 639 essent,
1264 591 1305 625 et
1328 584 1528 627 Cornuto
1549 583 1753 626 minores.

373 668 473 727 Ipse
513 667 645 710 etiam
689 665 838 709 decem
878 665 967 708 fere
1007 665 1130 707 annis
1171 679 1340 707 summe
1370 662 1553 707 dilectus
1581 680 1606 707 a
1636 666 1755 707 Paeto

372 746 566 790 Thrasea
594 755 676 799 est,
708 746 767 788 ita
800 754 847 788 ut
883 745 1238 804 peregrinaretur
1266 760 1444 803 quoque
1473 759 1574 787 cum
1599 759 1651 787 eo
1677 742 1756 786 ali-

373 826 577 886 quando,
604 835 835 886 cognatam
865 826 956 885 ejus
988 824 1160 868 Arriam
1199 840 1380 867 uxorem
1420 822 1622 866 habente.
1656 824 1756 866 Fuit

375 923 546 950 morum
568 904 913 960 lenissimorum‚
938 903 1208 947 verecundiae
1228 902 1477 963 virginalis,
1498 902 1648 946 formae
1668 901 1759 963 pul-

373 987 508 1040 chrae,
530 986 704 1046 pietatis
728 1001 832 1045 erga
857 994 1039 1027 matrem
1062 993 1105 1027 et
1128 999 1324 1027 sororem
1347 993 1390 1026 et
1416 984 1595 1026 amitam
1621 1000 1757 1027 exem-

376 1065 447 1126 plo
475 1064 745 1108 sufficientis.
770 1064 874 1107 Fuit
893 1063 1008 1124 frugi
1030 1073 1072 1107 et
1094 1062 1292 1124 pudicus.
1319 1061 1516 1122 Reliquit
1537 1064 1652 1106 circa
1666 1065 1756 1107 HS.

375 1147 507 1189 vicies
531 1145 661 1188 matri
689 1154 730 1188 et
754 1144 893 1188 sorori
927 1160 935 1186 τ
964 1145 1133 1203 scriptis
1161 1152 1306 1186 tamen
1338 1142 1392 1185 ad
1417 1152 1600 1186 matrem
1635 1142 1758 1186 codi-

375 1225 506 1281 cillis,
536 1226 709 1286 rogavit
737 1241 854 1278 eam,
881 1233 930 1267 ut
953 1223 1076 1268 daret
1103 1226 1308 1268 Cornuto
1334 1223 1550 1278 sestertia,
1575 1232 1624 1266 ut
1661 1223 1760 1282 qui-

375 1307 475 1350 dam
502 1306 679 1359 dicunt,
704 1314 905 1360 centum3
927 1314 975 1346 ut
997 1303 1067 1346 alii
1091 1302 1267 1357 volunt,
1292 1303 1463 1363 argenti
1485 1302 1588 1346 facti
1609 1302 1760 1363 pondo

376 1387 557 1448 viginti,
587 1395 630 1429 et
669 1384 803 1429 libros
830 1386 943 1428 circa
972 1385 1292 1444 septingentos,
1319 1383 1408 1426 sive
1430 1382 1760 1443 ¹bibliothecam

374 1484 497 1511 suam
526 1483 715 1510 omnem.
745 1464 930 1527 [Verum
963 1466 1211 1517 Cornutus,
1243 1462 1424 1506 sublatis
1461 1461 1604 1518 libris,
1635 1479 1762 1522 pecu-

375 1549 493 1591 niam
523 1547 767 1601 sororibus,
797 1562 929 1605 quam
958 1544 1092 1588 frater
1119 1543 1298 1587 heredes
1334 1542 1518 1596 fecerat,
1549 1541 1761 1605 reliquit]

375 1630 432 1671 Et
457 1643 577 1682 ram,
610 1636 652 1669 et
683 1625 806 1669 tarde
834 1625 1020 1684 scripsit.
1052 1626 1180 1666 Hunc
1211 1625 1354 1683 ipsum
1381 1622 1542 1665 librum
1563 1622 1763 1683 imperfe-

376 1717 495 1751 ctum
529 1707 719 1767 reliquit.
745 1708 913 1750 Versus
943 1704 1077 1764 aliqui
1102 1704 1235 1746 (leniti
1260 1714 1362 1746 sunt
1386 1703 1542 1746 ultimo
1564 1702 1663 1746 libri
1688 1720 1697 1746 ε
1720 1713 1763 1746 et

377 1789 500 1848 quasi
521 1788 670 1831 finitus
686 1796 815 1841 esset,
840 1785 993 1828 leviter
1018 1786 1273 1827 retractavit
1292 1785 1541 1835 Cornutus,
1562 1793 1604 1827 et
1624 1784 1763 1827 Caesio

378 1871 508 1912 Basso
548 1867 736 1928 petenti,
777 1876 825 1909 ut
861 1867 953 1925 ipse
986 1864 1152 1919 ederet,
1186 1863 1366 1907 tradidit
1387 1862 1621 1907 edendum.
1646 1865 1763 1907 Scri-

378 1958 523 2008 pserat
561 1948 692 1990 etiam
722 1948 766 1989 in
806 1946 993 2006 pueritia
1019 1944 1199 1987 Flaccus
1230 1948 1512 1988 Proetextam
1543 1942 1762 2006 [Vesci0],

376 2026 738 2085 et‘OSomopzchm
761 2025 923 2069 librum
955 2042 1091 2067 unum
1108 2060 1118 2077 ,
1148 2034 1190 2066 ct
1221 2040 1380 2084 paucos
1414 2024 1538 2066 uxori
1561 2024 1763 2067 Thraseae

378 2112 420 2152 in
450 2110 621 2153 Arriam
644 2117 828 2150 matrem
856 2122 1024 2160 versus,
1050 2121 1143 2164 quae
1168 2121 1212 2146 sc
1239 2114 1339 2147 ante
1364 2104 1508 2147 virum
1530 2104 1762 2148 occiderat.

378 2190 539 2233 Omnia
579 2197 724 2231 autem
766 2202 815 2229 ea
851 2189 1074 2229 Cornutus
1106 2194 1259 2228 auctor
1298 2184 1381 2227 fuit
1415 2186 1541 2227 matri
1570 2185 1688 2244 ejus,
1719 2194 1765 2227 ut

379 2267 588 2312 aboleret.
626 2266 806 2310 Editum
852 2265 1013 2309 librum
1054 2266 1265 2309 continuo
1292 2265 1442 2308 mirari
1474 2265 1694 2320 homines,
1724 2274 1765 2307 et

380 2349 570 2408 diripere
596 2356 839 2407 coeperunt.
866 2346 1065 2390 Decessit
1090 2356 1236 2389 autem
1263 2346 1368 2388 vitio
1395 2345 1763 2399 stomachi,anno

381 2429 518 2471 aetatis
547 2428 782 2471 tricesimo.
811 2425 893 2470 Sed
923 2443 1042 2478 mox,
1071 2436 1117 2468 ut
1157 2442 1178 2468 a
1211 2424 1361 2468 schola
1386 2434 1428 2467 ct
1455 2426 1676 2485 magistris
1704 2423 1766 2466 ‹li-

384 2518 591 2564 verterat,
619 2507 730 2551 lecto
757 2507 867 2549 libro
892 2505 1047 2549 Lucilii
1082 2505 1272 2560 decimo,
1302 2505 1579 2549 vehementer
1611 2505 1764 2547 satiras

382 2605 644 2648 componere
670 2587 838 2631 studuit
861 2604 867 2627 :
896 2587 1019 2645 cujus
1048 2585 1142 2627 libri
1174 2586 1439 2645 principium
1465 2586 1656 2627 imitatus
1677 2593 1762 2638 est,
