1988 3439
739 286 998 322 CLAUDIUS.
1490 302 1509 325 2
1520 304 1532 326 1
1546 304 1560 326 ῐ

185 381 253 414 tus
277 381 318 415 et
345 369 568 433 religiosis.
596 371 686 413 Nec
714 385 885 430 semper
912 369 1164 431 praescripta
1195 369 1340 432 legum
1368 384 1562 432 secutus,

184 451 392 495 duritiam
422 450 696 495 lenitatemve
725 448 984 505 multarum,
1009 467 1060 494 ex
1088 451 1205 494 bono
1231 461 1273 495 et
1295 469 1438 514 aequo,
1465 471 1564 515 per-

183 531 283 575 inde
307 543 355 576 ut
382 530 648 585 afficeretur,
674 529 924 574 moderatus
944 540 1020 574 est.
1043 531 1157 574 Nam
1182 540 1225 574 et
1253 532 1324 587 iis,
1344 535 1418 592 qui
1444 534 1561 595 apud

182 612 372 671 privatos
396 610 564 672 judices
579 609 676 671 plus
697 610 887 671 petendo
916 609 1104 654 formula
1132 610 1415 668 excidissent,
1441 615 1563 657 resti-

180 693 263 736 tuit
289 692 499 747 actiones;
523 700 564 734 et
592 692 635 734 in
666 691 830 751 majore
858 690 1011 734 fraude
1048 692 1292 748 convictos,
1320 690 1560 754 legitimam

180 789 352 833 poenam
377 788 705 833 supergressus,
735 771 790 815 ad
821 771 977 815 bestias
1003 772 1325 816 condemnavit.

241 854 337 896 XV.
374 853 425 895 In
456 851 762 913 cognoscendo
801 861 946 895 autem
970 868 1020 896 ac
1047 851 1324 897 decernendo
1344 855 1455 898 mira
1483 872 1556 899 va-

177 933 330 976 rietate
354 932 487 976 animi
514 932 618 988 fuit,
646 931 777 976 modo
805 933 1147 993 circumspectus
1171 943 1213 978 et
1248 950 1400 996 sagax,
1426 936 1558 980 modo

175 1011 446 1056 inconsultus
470 1029 519 1056 ac
535 1029 747 1074 praeceps,
767 1029 1085 1073 nonnunquam
1107 1013 1289 1059 frivolus
1307 1017 1558 1076 amentique

174 1092 338 1136 similis.
378 1094 527 1149 Quum
563 1092 760 1137 decurias
803 1109 949 1136 rerum
993 1103 1094 1138 actu
1134 1106 1421 1156 expungeret,
1455 1113 1555 1141 eum

173 1172 276 1232 qui,
310 1171 579 1216 dissimulata
616 1173 869 1229 vacatione,
906 1190 1036 1233 quam
1078 1174 1289 1219 beneficio
1316 1175 1553 1220 liberorum

175 1251 383 1307 habebat,
427 1252 732 1312 responderat,
773 1262 820 1296 ut
860 1253 1068 1314 cupidum
1101 1254 1330 1314 judicandi
1373 1256 1551 1300 dimisit.

173 1332 319 1377 Alium
344 1332 670 1393 interpellatum
696 1333 750 1376 ab
779 1333 1038 1378 adversariis
1067 1335 1120 1378 de
1155 1337 1332 1397 propria
1358 1335 1453 1393 lite,
1475 1354 1552 1381 ne·

173 1422 456 1474 gantemque,
493 1414 755 1473 cognitionis
794 1430 906 1470 rem,
944 1413 1018 1457 sed
1055 1415 1266 1459 ordinarii
1299 1417 1411 1477 juris
1436 1434 1552 1473 esse,

171 1509 300 1554 agere
327 1509 501 1536 causam
520 1492 750 1537 confestim
771 1493 890 1554 apud
916 1510 960 1537 se
982 1496 1144 1556 coegit,
1171 1497 1350 1556 proprio
1375 1500 1552 1559 negotio

171 1573 483 1618 documentum
507 1573 733 1628 daturum,
758 1591 891 1634 quam
912 1576 1208 1636 aequusjudex
1234 1578 1278 1620 in
1307 1576 1449 1622 alieno
1477 1595 1553 1622 ne-

172 1655 291 1715 gotio
321 1654 495 1698 futurus
527 1665 651 1698 esset.
688 1655 933 1710 Feminam,
961 1673 1048 1700 non
1073 1668 1381 1718 agnoscentem
1410 1658 1549 1703 filium

169 1751 320 1787 suum,
345 1734 478 1778 dubia
502 1736 707 1794 utrinque
724 1747 1086 1796 argumentorum
1109 1737 1213 1793 fide,
1240 1738 1296 1782 ad
1313 1739 1550 1784 confessio-

171 1830 267 1857 nem
297 1814 532 1876 compulit,
567 1815 731 1859 indicto
765 1818 1045 1861 matrimonio
1065 1818 1253 1877 juvenis.
1281 1819 1548 1864 Absentibus

168 1895 406 1939 secundum
435 1906 663 1956 pi‘aesentes
684 1896 884 1940 facillime
911 1898 1060 1954 dabat,
1088 1898 1210 1942 nullo
1236 1899 1428 1958 delectu,
1454 1901 1546 1945 cul-

168 1992 281 2036 pane
305 1976 424 2036 quis,
449 1993 503 2019 an
525 1975 670 2036 aliqua
699 1978 969 2033 necessitate,
996 1990 1214 2023 cessasset.
1242 1980 1546 2025 proclamante

167 2056 379 2115 quodam,
406 2056 699 2117 praecidendas
725 2056 900 2101 falsario
921 2076 1095 2113 manus,
1124 2060 1372 2104 carnificem
1399 2063 1543 2104 statim

166 2137 296 2179 acciri
314 2153 412 2180 cum
438 2137 649 2180 macliaera
676 2154 911 2198 mensaque
936 2138 1147 2197 lanionia,
1175 2141 1397 2201 flagitavit.
1418 2144 1546 2186 Pere-

167 2216 382 2275 grinitatis
421 2233 563 2271 rcum,
591 2227 686 2260 orta
713 2218 824 2261 inter
853 2219 1087 2264 advocatos
1119 2219 1202 2264 levi
1236 2223 1543 2277 contentione,

166 2305 419 2356 togatumne
442 2313 495 2339 an
526 2295 751 2356 palliatum
775 2297 917 2341 dicere
941 2316 1115 2343 causam
1147 2312 1393 2362 oporteret,
1420 2305 1541 2362 quasi

164 2377 411 2436 :equitatem
437 2377 646 2435 integram
676 2387 921 2433 ostentans,
947 2390 1116 2424 mutare
1138 2382 1333 2426 habitum
1364 2384 1541 2444 srepiuS,

164 2466 207 2500 ct
242 2466 372 2517 prout
409 2467 685 2500 accusaretur
727 2457 1108 2515 ‹lelbndercturve,
1144 2462 1283 2521 jussit.
1323 2465 1389 2506 De
1430 2480 1540 2522 quo-

164 2535 264 2579 dam
305 2538 438 2579 etiam
488 2538 663 2597 negotio
703 2539 758 2581 ita
802 2555 852 2581 ex
898 2539 1053 2583 tabella
1096 2543 1407 2601 pronunciasse
1451 2560 1540 2586 ere-

163 2617 297 2672 ditur,
325 2618 607 2661 «Secundum
649 2635 721 2660 cos
756 2636 799 2661 se
835 2621 994 2663 sentire
1033 2622 1106 2680 qui
1147 2638 1248 2666 vcra
1287 2625 1540 2683 proposuis-

164 2707 308 2740 sent.»
345 2699 529 2758 Propter
570 2714 664 2757 quae
701 2715 836 2758 usquc
877 2717 929 2743 eo
970 2700 1149 2757 eviluit,
1192 2712 1238 2745 ut
1284 2704 1441 2762 passim
1488 2721 1538 2747 ae

1281 2785 1345 2836 1l1.
