1971 3342
400 240 469 275 15¹»
932 240 970 274 C.
1000 240 1228 275 SUETONH

459 324 592 364 LVII.
632 324 749 366 Saeva
779 339 827 365 ac
855 321 968 365 lenta
1000 333 1154 366 natura
1178 340 1232 365 ne
1257 324 1300 365 in
1330 338 1467 382 puero
1494 320 1670 381 quidem
1700 323 1761 365 la-

395 403 476 444 tuit
502 418 511 444 :
535 418 665 461 quam
687 401 942 445 Theodorus
967 402 1218 456 Gadareus,
1249 401 1476 445 rhetoricae
1499 411 1760 461 praeceptor,

395 490 437 523 et
458 483 722 541 perspexisse
748 481 914 541 primus
935 482 1158 542 sagaciter,
1185 492 1225 524 et
1249 479 1519 524 assimulasse
1542 481 1762 540 aptissime

396 560 511 603 visus
541 570 630 616 est,
664 561 847 603 subinde
878 562 920 603 in
953 561 1227 623 objurgando
1255 560 1478 621 appellans
1510 577 1610 603 eum
1641 558 1763 615 πηλὲν

393 645 540 698 αἱματι
562 636 828 698 πεφυρμένον.
846 641 927 684 Sed
943 640 1168 701 aliquanto
1182 641 1319 702 magis
1339 642 1381 684 in
1397 641 1593 702 principe
1607 639 1742 684 eluxit
1755 673 1763 689 ‚

394 721 525 764 etiam
554 722 664 764 inter
692 721 839 777 initia,
870 738 1005 781 quum
1031 721 1173 765 adhuc
1200 721 1390 765 favorem
1414 722 1643 764 hominum
1668 737 1762 764 mo-

395 801 631 844 derationis
661 801 935 845 simulatione
965 812 1170 863 captaret.
1205 805 1429 858 Scurram,
1457 803 1531 862 qui
1549 837 1560 857 ,
1586 811 1764 862 prseter-

394 891 523 924 eunte
550 881 718 937 funere,
746 881 860 926 clare
886 892 1058 926 mortuo
1079 882 1327 939 mandarat,
1356 892 1403 926 ut
1429 882 1657 926 nunciaret
1674 884 1762 925 Au-

395 970 547 1020 gusto,
578 961 812 1005 «nondum
845 962 965 1005 reddi
998 962 1158 1023 legata,
1191 979 1286 1022 quae
1318 961 1434 1022 plebi
1459 960 1725 1020 reliquisset,
1744 980 1764 1000 »

395 1049 630 1083 attractum
659 1041 713 1084 ad
737 1058 801 1097 se,
835 1042 1026 1102 recipere
1053 1042 1268 1096 debitum,
1298 1041 1485 1100 ducique
1519 1040 1573 1083 ad
1596 1039 1763 1099 suppli-

395 1120 510 1162 cium
540 1120 791 1180 imperavit,
818 1131 859 1164 et
884 1121 999 1181 patri
1031 1138 1109 1164 suo
1135 1137 1286 1164 verum
1310 1119 1483 1163 referre.
1512 1120 1603 1163 Nec
1626 1117 1766 1161 multo

397 1209 493 1259 post
526 1200 570 1242 in
600 1210 753 1243 senatu
785 1201 995 1260 Pompeio
1020 1199 1215 1255 cuidam,
1243 1200 1380 1259 equiti
1412 1215 1616 1253 romano,
1641 1196 1769 1257 quid-

394 1278 495 1322 dam
522 1280 801 1340 perneganti,
828 1279 932 1323 dum
958 1279 1131 1323 vincula
1157 1280 1365 1334 minatur,
1391 1277 1625 1322 affirmavit
1649 1277 1767 1331 fore,

395 1368 479 1401 «ut
499 1376 550 1402 ex
567 1359 775 1419 Pompeio
790 1360 1081 1419 Pompeianus
1106 1360 1250 1415 fieret3
1266 1378 1285 1399 >³
1308 1359 1464 1402 acerba
1490 1356 1768 1401 cavillatione

396 1438 521 1481 simul
559 1439 748 1483 hominis
785 1456 943 1482 nomen
986 1440 1226 1497 incessens,
1258 1449 1537 1498 veteremque
1578 1438 1768 1497 partium

396 1517 631 1582 fortunam3

460 1600 619 1643 LVIII.
659 1601 749 1643 Sub
776 1599 890 1643 idem
910 1610 1102 1660 tempus,
1126 1599 1381 1644 consulente
1404 1609 1589 1661 praetore
1604 1632 1615 1654 ,
1637 1615 1690 1641 an
1704 1600 1771 1658 ju-

396 1678 508 1722 dicia
540 1679 776 1739 majestatis
811 1680 906 1739 cogi
932 1680 1125 1739 juberet,
1156 1679 1417 1723 exercendas
1445 1695 1536 1722 esse
1561 1677 1676 1739 leges
1707 1694 1773 1720 re·

396 1758 596 1818 spondit,
618 1769 660 1801 et
686 1760 955 1802 atrocissime
975 1761 1178 1803 exercuit.
1202 1762 1365 1803 Statuae
1383 1759 1562 1819 quidam
1582 1757 1770 1818 Augusti

396 1847 527 1898 caput
556 1837 794 1893 demsefflt,
820 1849 868 1882 ut
896 1838 1075 1883 alterius
1102 1840 1360 1900 imponeret.
1391 1842 1501 1884 Acta
1535 1855 1603 1882 res
1634 1839 1679 1881 in
1708 1854 1772 1880 se-

398 1927 529 1974 natu,
561 1927 603 1961 et
637 1920 737 1978 quia
770 1920 1092 1980 ambigebatur,
1123 1936 1201 1979 per
1233 1929 1450 1963 tormenta
1486 1918 1664 1978 quaesita
1694 1926 1770 1960 est.

398 2000 620 2042 Damnato
648 2016 746 2055 reo,
774 1999 985 2060 paulatim
1008 2001 1092 2042 hoc
1117 2016 1254 2060 genus
1271 1998 1498 2042 calumniae
1515 2015 1567 2041 eo
1596 2013 1772 2058 proees-

398 2078 451 2120 sit
466 2112 477 2133 7
494 2088 542 2121 ut
562 2079 652 2122 haee
675 2096 849 2138 quoque
873 2078 1075 2138 capitalia
1095 2087 1235 2122 essent
1257 2096 1265 2121 ε
1289 2080 1403 2122 eirca
1425 2077 1613 2138 Augusti
1637 2078 1771 2120 simu-

399 2155 564 2200 lacrum
590 2174 764 2201 servum
791 2158 1021 2215 cecidisse,
1051 2160 1310 2202 vestimenta
1347 2168 1562 2214 mutasse,
1590 2173 1773 2200 nummo

398 2236 466 2279 vel
482 2236 837 2298 annulocffigiem
866 2238 1120 2298 impressam
1151 2237 1319 2283 latrinae
1338 2248 1415 2282 aut
1434 2237 1633 2298 lupanari
1656 2238 1771 2279 intu-

401 2315 520 2372 lisse,
548 2316 712 2359 dictum
746 2317 885 2360 ullum
913 2318 1133 2361 factumve
1156 2318 1250 2378 ejus
1280 2318 1601 2361 existimatione
1629 2315 1773 2375 aliqua

400 2395 568 2440 laesisse.
595 2398 728 2440 Periit
751 2398 940 2457 denique
964 2408 1006 2441 et
1036 2399 1091 2453 is,
1118 2399 1193 2457 qui
1208 2398 1419 2441 honorem
1442 2398 1485 2439 in
1503 2395 1673 2440 colonia
1695 2411 1772 2437 sua

401 2476 553 2519 codem
590 2477 659 2519 die
686 2477 860 2520 decerni
886 2478 966 2520 sibi
998 2493 1148 2536 passus
1180 2487 1269 2531 est,
1303 2494 1391 2538 quo
1418 2477 1579 2521 decreti
1612 2484 1654 2518 et
1684 2476 1772 2517 Au-

401 2565 529 2613 gusto
554 2555 659 2598 olim
684 2567 821 2599 erant.

467 2637 578 2678 [IX.
619 2637 763 2679 Multa
807 2641 1035 2695 praeterm'l,
1074 2637 1214 2695 specie
1252 2637 1475 2695 gravitatis
1511 2652 1559 2678 ae
1601 2651 1770 2677 morum
