1988 3439
717 278 975 313 CALIGULA.
1463 292 1474 314 1
1484 279 1530 315 35

171 363 402 408 studiosius
428 362 627 425 plausum
650 371 786 418 esset,
812 363 873 405 ita
894 378 939 405 se
963 363 1182 423 proripuit
1206 379 1229 406 e
1254 361 1530 424 spectaculis,

170 454 245 498 ut,
273 443 435 488 calcata
462 443 617 487 lacinia
644 451 780 502 togae,
806 459 997 503 praeeeps
1029 459 1108 504 per
1134 441 1296 504 gradus
1325 443 1433 500 iret,
1464 443 1530 486 in-

170 522 476 585 dignabundus
508 532 550 566 et
577 521 828 579 clamitans,
855 542 875 564 «
898 521 1124 567 dominum
1153 523 1350 584 gentium
1388 539 1531 583 popu-

171 602 261 648 lum
284 621 335 648 ex
357 620 403 648 re
422 602 637 648 levissima
663 601 760 664 plus
782 603 962 647 honoris
987 602 1217 664 gladiatori
1241 602 1506 646 tribuentem
1522 637 1534 658 ‚

170 700 302 743 quam
331 683 589 727 consecratis
613 683 906 744 principibus,
934 693 1010 727 aut
1033 683 1233 745 praesenti
1262 682 1357 726 sibi.
1378 701 1399 723 »

234 764 437 808 XXXVI.
465 762 688 807 Pudicitiae
710 779 849 823 neque
867 779 977 820 suae,
996 780 1137 823 neque
1160 761 1309 806 alienae
1329 762 1533 823 pepercit.

169 844 232 887 M.
263 842 476 903 Lepidum
493 877 504 899 ,
526 844 792 887 Mnesterem
812 844 1128 904 pantomimum
1146 877 1158 898 ,
1183 841 1396 903 quosdam
1420 841 1537 885 obsi-

170 923 243 967 des
269 922 464 967 dilexisse
493 922 650 980 fertur,
678 924 939 967 commercio
970 924 1111 968 mutui
1145 925 1300 984 stupri.
1329 921 1533 967 Valerius

170 1001 393 1055 Catullus,
419 1002 634 1047 consulari
661 1002 822 1047 familia
844 1004 1042 1063 juvenis,
1069 1013 1315 1064 stupratum
1343 1020 1366 1046 a
1392 1020 1460 1059 se,
1488 1019 1537 1047 ae

169 1082 304 1128 latera
338 1083 419 1128 sibi
447 1084 735 1128 contubernio
764 1085 856 1144 ejus
887 1084 1080 1140 defessa,
1115 1085 1246 1128 etiam
1278 1083 1537 1127 vociferatus

170 1173 246 1208 est.
280 1165 422 1224 Super
455 1181 654 1209 sororum
684 1165 875 1220 incesta,
911 1174 953 1208 et
986 1165 1254 1208 notissimum
1294 1165 1537 1224 prostitutae

170 1242 400 1304 Pyrallidis
430 1261 647 1299 amorem,
680 1261 766 1287 non
802 1254 964 1287 temere
993 1243 1080 1287 ulla
1110 1243 1346 1288 illustriore
1379 1243 1538 1287 femina

171 1323 412 1368 abstinuit:
437 1340 542 1384 quas
578 1323 834 1384 plerumque
862 1341 959 1367 cum
991 1325 1157 1367 maritis
1186 1324 1240 1367 ad
1268 1340 1433 1367 coenam
1462 1340 1537 1366 vo-

171 1414 314 1459 catas,
346 1413 587 1464 praeterque
615 1404 744 1463 pedes
777 1421 875 1447 suos
907 1414 1202 1460 transeuntes,
1231 1403 1461 1465 diligenter
1489 1420 1538 1447 ae

171 1483 312 1540 lente,
348 1484 635 1527 mercantium
675 1500 824 1538 more,
861 1483 1189 1539 considerabat,
1223 1484 1352 1527 etiam
1385 1483 1536 1526 faciem

170 1580 302 1607 manu
337 1562 559 1619 allevans,
588 1564 622 1607 si
656 1580 750 1624 quoe
786 1564 953 1624 pudore
995 1564 1326 1608 summitterent.
1356 1564 1538 1621 Quoties

170 1643 326 1688 deinde
358 1643 574 1701 libuisset,
604 1660 799 1706 egressus
829 1644 1040 1701 triclinio,
1069 1661 1204 1705 quum
1233 1645 1420 1688 maxime
1447 1643 1538 1705 pla-

172 1725 301 1768 citam
329 1734 593 1781 sevoeasset,
618 1723 747 1785 paulo
772 1735 889 1785 post,
916 1725 1162 1769 recentibus
1186 1724 1329 1769 adhue
1353 1724 1538 1768 lasciviae

171 1805 308 1859 notis,
344 1821 538 1848 reversus
575 1803 641 1847 vel
676 1804 881 1848 laudabat
921 1804 1095 1866 palam,
1128 1804 1194 1849 vel
1230 1806 1536 1866 vituperabat3

171 1884 343 1947 singula
366 1902 623 1929 enumerans
649 1886 761 1929 bona
791 1885 957 1930 malave
982 1888 1201 1948 corporis,
1225 1897 1355 1947 atque
1377 1904 1539 1931 concu-

171 1966 302 2010 bitus.
324 1965 622 2023 Quibusdam,
643 1966 883 2009 absentium
911 1967 1167 2010 maritorum
1191 1969 1385 2024 nomine,
1407 1984 1539 2028 repu-

173 2046 290 2090 dium
320 2047 409 2107 ipse
434 2047 573 2102 misit,
595 2047 809 2106 jussitque
835 2048 876 2090 in
904 2057 999 2090 acta
1028 2048 1085 2090 ita
1110 2046 1273 2091 referri.

235 2128 466 2170 XXXVII.
497 2128 741 2188 Nepotatus
774 2127 988 2171 sumtibus
1026 2129 1222 2171 omnium
1255 2127 1540 2189 prodigorum

175 2207 349 2267 ingenia
374 2208 614 2266 superavit,
635 2217 906 2251 commentus
931 2224 1093 2251 novum
1117 2206 1371 2251 balnearum
1395 2224 1540 2261 usum,

177 2287 549 2347 portentosissima
570 2303 727 2346 genera
752 2286 949 2330 ciborum
978 2297 1108 2347 atque
1129 2304 1347 2331 coenarum
1371 2305 1380 2331 :
1403 2298 1452 2332 ut
1472 2306 1542 2332 ea-

177 2365 275 2409 lidis
296 2365 552 2427 frigidisque
573 2366 807 2426 unguentis
829 2364 1060 2422 lavaretur,
1080 2367 1407 2426 pretiosissimas
1427 2385 1542 2412 mar-

179 2447 338 2508 garitas
357 2455 478 2489 aceto
496 2445 748 2506 liquefactas
769 2446 981 2499 sorberet,
1002 2447 1194 2489 convivis
1213 2463 1263 2490 ex
1285 2464 1391 2491 auro
1410 2464 1541 2508 panes

178 2536 220 2570 et
250 2527 430 2587 opsonia
463 2536 728 2586 apponeret,
757 2546 776 2566 «
800 2536 874 2570 aut
903 2526 1014 2587 frugi
1042 2526 1264 2570 bominem
1295 2544 1383 2570 esse
1410 2544 1540 2588 opor-

181 2618 296 2662 tere,
326 2606 526 2650 dictitans
546 2640 556 2660 ,
590 2616 664 2649 aut
693 2608 920 2650 Caesarem.
945 2626 964 2646 »
995 2607 1113 2662 Quin
1145 2616 1186 2650 et
1220 2623 1417 2651 nummos
1452 2625 1541 2652 non

182 2686 409 2731 mediocris
437 2703 617 2729 summae
643 2704 665 2728 e
699 2685 869 2747 fastigio
899 2685 1086 2730 basilicae
1113 2686 1234 2730 Julioe
1269 2704 1346 2748 per
1375 2687 1541 2748 aliquot
