1988 3407
711 274 1060 309 VESPASIANUS.
1545 277 1590 323 ²³1)

192 364 446 424 jicerentur.
494 361 591 422 Egit
629 368 671 403 et
710 358 872 420 gratias
901 358 939 401 ei
977 357 1096 418 apud
1125 357 1444 419 amplissimum
1470 359 1590 404 ordi-

197 461 293 488 uem
311 478 322 500 ‚
351 442 470 504 quod
497 458 542 485 se
563 441 732 485 honore
752 455 885 482 coenae
906 437 1114 499 dignatus
1135 448 1260 482 esset.

262 527 340 570 111.
381 527 505 568 Inter
536 523 627 566 liaec
663 520 860 565 Flaviam
903 519 1182 564 Domitillam
1228 520 1354 565 duxit
1384 538 1591 579 uxorem,

195 605 356 651 Statilii
381 602 594 665 Capelloe,
624 601 784 662 equitis
811 602 1005 658 romani,
1034 601 1311 646 Sabratensis
1336 619 1386 646 ex
1419 603 1592 659 Africa,

196 687 427 732 delicatam
463 684 596 737 olim,
637 682 874 743 latinaeque
903 682 1192 737 conditionis,
1227 682 1301 727 sed
1334 700 1437 728 mox
1474 685 1594 745 inge-

197 785 328 813 nuam
353 776 395 811 et
421 768 558 810 civem
590 781 818 808 romanam
849 765 1181 824 recuperatorio
1208 763 1375 825 judicio
1396 781 1592 826 pronun-

195 851 356 894 ciatam
375 883 386 904 ,
412 856 537 909 patre
558 855 778 890 asserente
801 844 953 889 Flavio
979 844 1192 901 Liberali,
1217 846 1395 890 Ferenti
1419 847 1593 907 genito,

197 946 277 974 nec
304 929 541 990 quicquam
574 925 764 988 amplius
797 943 929 986 quam
964 927 1202 986 quaestorio
1231 926 1389 971 scriba.
1417 928 1481 970 Ex
1514 927 1595 971 hac

194 1009 358 1054 liberos
404 1008 505 1054 tulit
542 1010 720 1064 Titum,
765 1017 808 1052 et
846 1008 1182 1064 Domitianum,
1227 1017 1271 1051 et
1305 1007 1593 1051 Domitillam.

196 1092 338 1136 Uxori
354 1108 404 1135 ac
427 1089 525 1134 filiae
546 1099 772 1151 superstes
795 1089 902 1142 fuit,
928 1099 1060 1150 atque
1081 1099 1317 1149 utramque
1340 1089 1486 1132 adhuc
1506 1090 1594 1150 pri-

195 1183 319 1217 vatus
344 1173 502 1216 amisit.
530 1174 634 1215 Post
661 1172 812 1215 uxoris
842 1187 1088 1226 excessum,
1115 1169 1363 1226 Caenidem,
1397 1172 1596 1214 Antoniae

195 1254 399 1298 libertam
436 1263 475 1297 et
504 1270 527 1296 a
564 1270 717 1308 manu,
756 1251 958 1296 dilectam
985 1251 1209 1313 quondam
1239 1252 1345 1308 sibi,
1375 1255 1598 1296 revocavit

196 1337 239 1379 in
262 1334 627 1389 contubernium,
660 1334 904 1395 habuitque
920 1335 1051 1378 etiam
1072 1334 1314 1394 imperator
1330 1350 1452 1394 paene
1470 1335 1597 1394 justae

195 1417 344 1461 uxoris
373 1414 484 1459 loco.

261 1499 340 1541 IV.
366 1494 555 1542 Claudio
574 1496 775 1557 principe
792 1532 801 1549 ‚
822 1497 1020 1540 Narcissi
1044 1498 1184 1558 gratia
1215 1496 1388 1558 legatus
1412 1495 1596 1558 legionis

198 1581 243 1623 in
268 1578 558 1625 Germaniam
594 1578 753 1622 missus
776 1588 840 1622 est
869 1595 877 1621 :
902 1577 1004 1622 inde
1031 1579 1072 1622 in
1104 1579 1380 1623 Britanniam
1413 1577 1598 1622 transla-

196 1671 291 1717 tus,
317 1661 463 1705 tricies
489 1676 588 1704 cum
619 1660 744 1704 hoste
775 1659 987 1704 conflixit.
1016 1662 1140 1705 Duas
1170 1659 1459 1705 validissimas
1494 1679 1598 1722 gen-

196 1750 259 1785 tes
277 1775 288 1797 ,
318 1758 539 1802 superque
577 1742 733 1802 viginti
758 1740 945 1802 oppida,
973 1751 1016 1785 et
1042 1740 1230 1786 insulam
1258 1744 1466 1799 Vectem,
1499 1744 1596 1786 Bri-

197 1823 357 1866 tanniae
403 1823 673 1883 proximam,
718 1823 760 1866 in
801 1822 1012 1867 ditionem
1059 1823 1252 1884 redegit,
1295 1827 1453 1886 partim
1497 1825 1596 1870 Auli

198 1902 356 1948 Plautii
395 1902 527 1963 legati
565 1902 836 1960 consularis,
876 1905 1035 1964 partim
1065 1903 1240 1949 Claudii
1274 1907 1412 1966 ipsius
1444 1907 1594 1950 (luctu.

195 1987 347 2042 Quare
389 1982 674 2045 triumphalia
715 1996 1007 2037 ornamenta,
1036 1995 1077 2029 et
1114 1987 1156 2029 in
1189 1986 1312 2030 brevi
1334 1989 1475 2048 spatio
1519 1988 1598 2031 du-

199 2064 294 2126 plex
326 2065 619 2109 sacerdotium
653 2067 821 2126 accepit
853 2083 861 2109 ε
888 2077 1098 2126 prseterea
1129 2068 1434 2125 consulatum,
1464 2085 1595 2129 quem

199 2146 327 2207 gessit
348 2162 425 2207 per
442 2145 554 2189 duos
572 2145 833 2190 novissimos
853 2148 956 2191 anni
981 2164 1174 2191 menses:
1198 2149 1390 2192 medium
1409 2159 1596 2210 tempus,

199 2226 250 2270 ad
272 2226 635 2286 proconsulatum
656 2244 817 2287 usque,
841 2229 882 2271 in
910 2229 1002 2272 otio
1028 2246 1287 2290 secessuque
1312 2231 1415 2292 egit,
1439 2232 1594 2291 Agrip>

201 2309 348 2367 pinam
376 2309 558 2363 timens,
593 2318 817 2369 potentem
839 2309 983 2353 adluu-
1011 2310 1127 2371 apud
1155 2311 1318 2367 filium,
1343 2311 1596 2355 etdesuncti

199 2405 375 2449 quoquc
411 2390 604 2432 Narcissi
645 2391 808 2433 amicos
855 2408 1069 2451 perosam.
1115 2393 1228 2435 Exin
1266 2393 1447 2436 sortitus
1482 2391 1596 2436 Afri-

198 2485 316 2522 cam,
343 2469 628 2531 integerrime
653 2488 731 2514 nce
757 2471 848 2514 sinc
866 2488 1026 2532 magua
1047 2472 1303 2532 dignatione
1321 2472 1601 2516 administra-

202 2550 281 2601 vit3
304 2551 383 2593 nisi
405 2550 523 2610 quod
546 2550 799 2608 Adrumcti,
828 2552 1045 2596 seditione
1062 2552 1275 2612 quadam,
1301 2570 1405 2613 rapa
1438 2553 1478 2595 in
1499 2567 1596 2595 eum

201 2631 315 2689 jacta
343 2640 457 2674 suut.
484 2631 627 2674 {mliii
651 2642 767 2676 certe
789 2633 927 2677 nihilo
959 2633 1235 2694 opulcntior.
1261 2644 1305 2678 ut
1333 2634 1433 2693 qui,
1461 2649 1599 2693 prop(⁴

203 2708 411 2754 labefacta
431 2712 520 2771 jam
549 2712 653 2761 fulv,
676 2714 822 2756 omnia
846 2715 1007 2775 praulia
1034 2715 1157 2757 fratri
1185 2714 1386 2776 obligarit
1410 2749 1418 2761 ,
1451 2730 1599 2756 uem-s-
