<?xml version="1.0" encoding="UTF-8"?>
<!DOCTYPE html PUBLIC "-//W3C//DTD XHTML 1.0 Transitional//EN"
    "http://www.w3.org/TR/xhtml1/DTD/xhtml1-transitional.dtd">
<html xmlns="http://www.w3.org/1999/xhtml" xml:lang="en" lang="en">
 <head>
  <title>
</title>
<meta http-equiv="Content-Type" content="text/html;charset=utf-8" />
  <meta name='ocr-system' content='tesseract 3.04.00' />
  <meta name='ocr-capabilities' content='ocr_page ocr_carea ocr_par ocr_line ocrx_word'/>
</head>
<body>
  <div class='ocr_page' id='page_1' title='image "./operagro00suetuoft_0272.png"; bbox 0 0 1971 3342; ppageno 0'>
   <div class='ocr_carea' id='block_1_1' title="bbox 381 216 1199 264">
    <p class='ocr_par' dir='ltr' id='par_1_1' title="bbox 381 216 1199 264">
     <span class='ocr_line' id='line_1_1' title="bbox 381 216 1199 264; baseline -0.01 -8"><span class='ocrx_word' id='word_1_1' title='bbox 381 229 450 264; x_wconf 70' lang='lat'>242</span> <span class='ocrx_word' id='word_1_2' title='bbox 909 216 944 250; x_wconf 93' lang='lat' dir='ltr'>C.</span> <span class='ocrx_word' id='word_1_3' title='bbox 972 216 1199 251; x_wconf 79' lang='lat' dir='ltr'>SUETONH</span> 
     </span>
    </p>
   </div>
   <div class='ocr_carea' id='block_1_2' title="bbox 376 295 1729 2653">
    <p class='ocr_par' dir='ltr' id='par_1_2' title="bbox 376 295 1728 994">
     <span class='ocr_line' id='line_1_2' title="bbox 382 295 1723 356; baseline -0.007 -9"><span class='ocrx_word' id='word_1_4' title='bbox 382 318 610 347; x_wconf 87' lang='lat' dir='ltr'>numerum</span> <span class='ocrx_word' id='word_1_5' title='bbox 636 310 773 344; x_wconf 85' lang='lat' dir='ltr'>essent</span> <span class='ocrx_word' id='word_1_6' title='bbox 789 333 800 355; x_wconf 75' lang='lat'><strong><em>⁷</em></strong></span> <span class='ocrx_word' id='word_1_7' title='bbox 824 299 866 342; x_wconf 87' lang='lat' dir='ltr'>in</span> <span class='ocrx_word' id='word_1_8' title='bbox 890 297 1086 342; x_wconf 79' lang='lat' dir='ltr'>solatium</span> <span class='ocrx_word' id='word_1_9' title='bbox 1112 297 1324 341; x_wconf 83' lang='lat' dir='ltr'>dilationis</span> <span class='ocrx_word' id='word_1_10' title='bbox 1349 312 1396 338; x_wconf 84' lang='lat' dir='ltr'>ac</span> <span class='ocrx_word' id='word_1_11' title='bbox 1414 311 1568 351; x_wconf 81' lang='lat' dir='ltr'>morae,</span> <span class='ocrx_word' id='word_1_12' title='bbox 1596 295 1723 356; x_wconf 83' lang='lat' dir='ltr'>legio-</span> 
     </span>
     <span class='ocr_line' id='line_1_3' title="bbox 379 375 1722 441; baseline -0.008 -14"><span class='ocrx_word' id='word_1_13' title='bbox 379 385 504 426; x_wconf 83' lang='lat' dir='ltr'><strong>nibus</strong></span> <span class='ocrx_word' id='word_1_14' title='bbox 528 381 773 441; x_wconf 70' lang='lat' dir='ltr'>praeposuit.</span> <span class='ocrx_word' id='word_1_15' title='bbox 794 376 1076 423; x_wconf 79' lang='lat' dir='ltr'>Consulatum</span> <span class='ocrx_word' id='word_1_16' title='bbox 1092 378 1134 419; x_wconf 90' lang='lat' dir='ltr'>iu</span> <span class='ocrx_word' id='word_1_17' title='bbox 1156 392 1279 420; x_wconf 90' lang='lat' dir='ltr'>senos</span> <span class='ocrx_word' id='word_1_18' title='bbox 1293 375 1543 435; x_wconf 84' lang='lat' dir='ltr'>plerumque</span> <span class='ocrx_word' id='word_1_19' title='bbox 1557 391 1722 417; x_wconf 87' lang='lat' dir='ltr'>menses</span> 
     </span>
     <span class='ocr_line' id='line_1_4' title="bbox 378 452 1724 517; baseline -0.007 -12"><span class='ocrx_word' id='word_1_20' title='bbox 378 461 505 505; x_wconf 83' lang='lat' dir='ltr'><strong>dedit.</strong></span> <span class='ocrx_word' id='word_1_21' title='bbox 521 460 823 517; x_wconf 88' lang='lat' dir='ltr'>Defunctoque</span> <span class='ocrx_word' id='word_1_22' title='bbox 845 458 955 500; x_wconf 88' lang='lat' dir='ltr'>circa</span> <span class='ocrx_word' id='word_1_23' title='bbox 971 455 1167 499; x_wconf 82' lang='lat' dir='ltr'>kalendas</span> <span class='ocrx_word' id='word_1_24' title='bbox 1188 456 1405 515; x_wconf 81' lang='lat' dir='ltr'>januarias</span> <span class='ocrx_word' id='word_1_25' title='bbox 1423 452 1557 497; x_wconf 84' lang='lat' dir='ltr'>altero</span> <span class='ocrx_word' id='word_1_26' title='bbox 1581 469 1603 496; x_wconf 92' lang='lat' dir='ltr'>e</span> <span class='ocrx_word' id='word_1_27' title='bbox 1624 469 1724 496; x_wconf 89' lang='lat' dir='ltr'>con-</span> 
     </span>
     <span class='ocr_line' id='line_1_5' title="bbox 379 532 1724 595; baseline -0.007 -11"><span class='ocrx_word' id='word_1_28' title='bbox 379 540 541 584; x_wconf 88' lang='lat' dir='ltr'>sulibus</span> <span class='ocrx_word' id='word_1_29' title='bbox 558 574 569 594; x_wconf 83' lang='lat'>,</span> <span class='ocrx_word' id='word_1_30' title='bbox 599 539 814 582; x_wconf 86' lang='lat' dir='ltr'>neminem</span> <span class='ocrx_word' id='word_1_31' title='bbox 841 536 1088 589; x_wconf 84' lang='lat' dir='ltr'>substituit;</span> <span class='ocrx_word' id='word_1_32' title='bbox 1114 536 1362 595; x_wconf 82' lang='lat' dir='ltr'>improbans</span> <span class='ocrx_word' id='word_1_33' title='bbox 1390 532 1634 594; x_wconf 83' lang='lat' dir='ltr'>exemplum</span> <span class='ocrx_word' id='word_1_34' title='bbox 1661 550 1724 575; x_wconf 83' lang='lat' dir='ltr'>ve-</span> 
     </span>
     <span class='ocr_line' id='line_1_6' title="bbox 379 611 1726 673; baseline -0.007 -10"><span class='ocrx_word' id='word_1_35' title='bbox 379 631 446 663; x_wconf 91' lang='lat' dir='ltr'>tus</span> <span class='ocrx_word' id='word_1_36' title='bbox 472 619 640 663; x_wconf 87' lang='lat' dir='ltr'>Caninii</span> <span class='ocrx_word' id='word_1_37' title='bbox 664 615 825 670; x_wconf 81' lang='lat' dir='ltr'>Rebili,</span> <span class='ocrx_word' id='word_1_38' title='bbox 856 631 942 658; x_wconf 91' lang='lat' dir='ltr'>uno</span> <span class='ocrx_word' id='word_1_39' title='bbox 965 614 1032 657; x_wconf 82' lang='lat' dir='ltr'>die</span> <span class='ocrx_word' id='word_1_40' title='bbox 1057 613 1255 657; x_wconf 87' lang='lat' dir='ltr'>consulis.</span> <span class='ocrx_word' id='word_1_41' title='bbox 1276 611 1572 673; x_wconf 79' lang='lat' dir='ltr'>Triumphalia</span> <span class='ocrx_word' id='word_1_42' title='bbox 1600 628 1726 655; x_wconf 86' lang='lat' dir='ltr'>orna-</span> 
     </span>
     <span class='ocr_line' id='line_1_7' title="bbox 377 691 1726 754; baseline -0.006 -13"><span class='ocrx_word' id='word_1_43' title='bbox 377 708 519 742; x_wconf 88' lang='lat' dir='ltr'>menta</span> <span class='ocrx_word' id='word_1_44' title='bbox 550 698 677 740; x_wconf 88' lang='lat' dir='ltr'>etiam</span> <span class='ocrx_word' id='word_1_45' title='bbox 708 695 942 754; x_wconf 82' lang='lat' dir='ltr'>quaestoriae</span> <span class='ocrx_word' id='word_1_46' title='bbox 969 693 1188 754; x_wconf 83' lang='lat' dir='ltr'>dignitatis</span> <span class='ocrx_word' id='word_1_47' title='bbox 1211 703 1251 736; x_wconf 91' lang='lat' dir='ltr'>et</span> <span class='ocrx_word' id='word_1_48' title='bbox 1280 691 1499 735; x_wconf 89' lang='lat' dir='ltr'>nonnullis</span> <span class='ocrx_word' id='word_1_49' title='bbox 1525 708 1576 734; x_wconf 84' lang='lat' dir='ltr'>ex</span> <span class='ocrx_word' id='word_1_50' title='bbox 1599 707 1726 750; x_wconf 87' lang='lat' dir='ltr'>eque-</span> 
     </span>
     <span class='ocr_line' id='line_1_8' title="bbox 378 769 1728 831; baseline -0.005 -12"><span class='ocrx_word' id='word_1_51' title='bbox 378 778 453 820; x_wconf 91' lang='lat' dir='ltr'>stri</span> <span class='ocrx_word' id='word_1_52' title='bbox 481 775 629 819; x_wconf 80' lang='lat' dir='ltr'>ordine</span> <span class='ocrx_word' id='word_1_53' title='bbox 654 774 828 827; x_wconf 79' lang='lat' dir='ltr'>tribuit,</span> <span class='ocrx_word' id='word_1_54' title='bbox 850 789 926 816; x_wconf 89' lang='lat' dir='ltr'>nec</span> <span class='ocrx_word' id='word_1_55' title='bbox 946 773 1092 831; x_wconf 85' lang='lat' dir='ltr'>utique</span> <span class='ocrx_word' id='word_1_56' title='bbox 1118 771 1169 814; x_wconf 90' lang='lat' dir='ltr'>de</span> <span class='ocrx_word' id='word_1_57' title='bbox 1193 788 1317 814; x_wconf 87' lang='lat' dir='ltr'>causa</span> <span class='ocrx_word' id='word_1_58' title='bbox 1344 770 1529 813; x_wconf 85' lang='lat' dir='ltr'>militari.</span> <span class='ocrx_word' id='word_1_59' title='bbox 1550 772 1616 814; x_wconf 86' lang='lat' dir='ltr'>De</span> <span class='ocrx_word' id='word_1_60' title='bbox 1640 769 1728 829; x_wconf 84' lang='lat' dir='ltr'>qui-</span> 
     </span>
     <span class='ocr_line' id='line_1_9' title="bbox 376 850 1726 909; baseline -0.005 -11"><span class='ocrx_word' id='word_1_61' title='bbox 376 855 558 898; x_wconf 87' lang='lat' dir='ltr'>busdam</span> <span class='ocrx_word' id='word_1_62' title='bbox 597 854 724 897; x_wconf 91' lang='lat' dir='ltr'>rebus</span> <span class='ocrx_word' id='word_1_63' title='bbox 753 853 965 896; x_wconf 89' lang='lat' dir='ltr'>orationes</span> <span class='ocrx_word' id='word_1_64' title='bbox 993 851 1046 894; x_wconf 89' lang='lat' dir='ltr'>ad</span> <span class='ocrx_word' id='word_1_65' title='bbox 1081 860 1274 894; x_wconf 82' lang='lat' dir='ltr'>senatum</span> <span class='ocrx_word' id='word_1_66' title='bbox 1307 851 1478 906; x_wconf 73' lang='lat' dir='ltr'>missas,</span> <span class='ocrx_word' id='word_1_67' title='bbox 1509 850 1726 909; x_wconf 79' lang='lat' dir='ltr'>praeterito</span> 
     </span>
     <span class='ocr_line' id='line_1_10' title="bbox 376 928 1692 994; baseline -0.005 -18"><span class='ocrx_word' id='word_1_68' title='bbox 376 935 595 994; x_wconf 77' lang='lat' dir='ltr'>quaestoris</span> <span class='ocrx_word' id='word_1_69' title='bbox 626 932 794 985; x_wconf 84' lang='lat' dir='ltr'>officio,</span> <span class='ocrx_word' id='word_1_70' title='bbox 833 948 909 991; x_wconf 87' lang='lat' dir='ltr'>per</span> <span class='ocrx_word' id='word_1_71' title='bbox 937 929 1155 973; x_wconf 85' lang='lat' dir='ltr'>consulem</span> <span class='ocrx_word' id='word_1_72' title='bbox 1194 928 1447 988; x_wconf 85' lang='lat' dir='ltr'>plerumque</span> <span class='ocrx_word' id='word_1_73' title='bbox 1472 928 1692 971; x_wconf 80' lang='lat' dir='ltr'>recitabat.</span> 
     </span>
    </p>

    <p class='ocr_par' dir='ltr' id='par_1_3' title="bbox 376 1008 1729 2095">
     <span class='ocr_line' id='line_1_11' title="bbox 438 1008 1725 1066; baseline -0.007 -9"><span class='ocrx_word' id='word_1_74' title='bbox 438 1015 557 1056; x_wconf 91' lang='lat' dir='ltr'><strong>XVI.</strong></span> <span class='ocrx_word' id='word_1_75' title='bbox 584 1015 783 1056; x_wconf 87' lang='lat' dir='ltr'>Formam</span> <span class='ocrx_word' id='word_1_76' title='bbox 806 1010 1083 1054; x_wconf 82' lang='lat' dir='ltr'>aedificiorum</span> <span class='ocrx_word' id='word_1_77' title='bbox 1102 1009 1232 1052; x_wconf 89' lang='lat' dir='ltr'>Urbis</span> <span class='ocrx_word' id='word_1_78' title='bbox 1260 1024 1414 1050; x_wconf 84' lang='lat' dir='ltr'>novam</span> <span class='ocrx_word' id='word_1_79' title='bbox 1443 1008 1725 1066; x_wconf 82' lang='lat' dir='ltr'>excogitavit,</span> 
     </span>
     <span class='ocr_line' id='line_1_12' title="bbox 378 1085 1726 1147; baseline -0.006 -12"><span class='ocrx_word' id='word_1_80' title='bbox 378 1103 419 1135; x_wconf 89' lang='lat' dir='ltr'>et</span> <span class='ocrx_word' id='word_1_81' title='bbox 444 1102 491 1135; x_wconf 89' lang='lat' dir='ltr'>ut</span> <span class='ocrx_word' id='word_1_82' title='bbox 515 1101 613 1134; x_wconf 87' lang='lat' dir='ltr'>ante</span> <span class='ocrx_word' id='word_1_83' title='bbox 638 1089 796 1134; x_wconf 85' lang='lat' dir='ltr'>insulas</span> <span class='ocrx_word' id='word_1_84' title='bbox 820 1106 868 1132; x_wconf 83' lang='lat' dir='ltr'>ae</span> <span class='ocrx_word' id='word_1_85' title='bbox 892 1089 1040 1132; x_wconf 88' lang='lat' dir='ltr'>domos</span> <span class='ocrx_word' id='word_1_86' title='bbox 1068 1088 1259 1147; x_wconf 84' lang='lat' dir='ltr'>porticus</span> <span class='ocrx_word' id='word_1_87' title='bbox 1286 1096 1443 1141; x_wconf 81' lang='lat' dir='ltr'>essent,</span> <span class='ocrx_word' id='word_1_88' title='bbox 1469 1085 1520 1127; x_wconf 89' lang='lat' dir='ltr'>de</span> <span class='ocrx_word' id='word_1_89' title='bbox 1545 1102 1726 1144; x_wconf 84' lang='lat' dir='ltr'>quarum</span> 
     </span>
     <span class='ocr_line' id='line_1_13' title="bbox 376 1165 1726 1225; baseline -0.006 -11"><span class='ocrx_word' id='word_1_90' title='bbox 376 1170 540 1214; x_wconf 88' lang='lat' dir='ltr'>solariis</span> <span class='ocrx_word' id='word_1_91' title='bbox 555 1169 749 1213; x_wconf 87' lang='lat' dir='ltr'>incendia</span> <span class='ocrx_word' id='word_1_92' title='bbox 763 1177 1012 1212; x_wconf 83' lang='lat' dir='ltr'>arcerentur</span> <span class='ocrx_word' id='word_1_93' title='bbox 1030 1183 1038 1209; x_wconf 74' lang='grc' dir='ltr'>ε</span> <span class='ocrx_word' id='word_1_94' title='bbox 1058 1182 1210 1225; x_wconf 90' lang='lat' dir='ltr'>easque</span> <span class='ocrx_word' id='word_1_95' title='bbox 1233 1174 1375 1208; x_wconf 85' lang='lat' dir='ltr'>sumtu</span> <span class='ocrx_word' id='word_1_96' title='bbox 1400 1180 1477 1207; x_wconf 91' lang='lat' dir='ltr'>suo</span> <span class='ocrx_word' id='word_1_97' title='bbox 1503 1165 1726 1207; x_wconf 81' lang='lat' dir='ltr'>exstruxit.</span> 
     </span>
     <span class='ocr_line' id='line_1_14' title="bbox 382 1245 1729 1304; baseline -0.005 -11"><span class='ocrx_word' id='word_1_98' title='bbox 382 1251 629 1294; x_wconf 88' lang='lat' dir='ltr'>Destinarat</span> <span class='ocrx_word' id='word_1_99' title='bbox 656 1249 783 1292; x_wconf 88' lang='lat' dir='ltr'>etiam</span> <span class='ocrx_word' id='word_1_100' title='bbox 811 1248 932 1291; x_wconf 83' lang='lat' dir='ltr'>Ostia</span> <span class='ocrx_word' id='word_1_101' title='bbox 966 1256 1090 1289; x_wconf 87' lang='lat' dir='ltr'>tenus</span> <span class='ocrx_word' id='word_1_102' title='bbox 1114 1245 1268 1288; x_wconf 87' lang='lat' dir='ltr'>moenia</span> <span class='ocrx_word' id='word_1_103' title='bbox 1300 1259 1576 1304; x_wconf 80' lang='lat' dir='ltr'>promovere,</span> <span class='ocrx_word' id='word_1_104' title='bbox 1602 1253 1729 1302; x_wconf 87' lang='lat' dir='ltr'>atque</span> 
     </span>
     <span class='ocr_line' id='line_1_15' title="bbox 379 1322 1728 1372; baseline -0.006 0"><span class='ocrx_word' id='word_1_105' title='bbox 379 1329 476 1372; x_wconf 86' lang='lat' dir='ltr'>inde</span> <span class='ocrx_word' id='word_1_106' title='bbox 505 1329 616 1372; x_wconf 88' lang='lat' dir='ltr'>fossa</span> <span class='ocrx_word' id='word_1_107' title='bbox 648 1344 764 1371; x_wconf 87' lang='lat' dir='ltr'>mare</span> <span class='ocrx_word' id='word_1_108' title='bbox 797 1327 926 1369; x_wconf 82' lang='lat' dir='ltr'>veteri</span> <span class='ocrx_word' id='word_1_109' title='bbox 961 1325 1066 1369; x_wconf 83' lang='lat' dir='ltr'>Urbi</span> <span class='ocrx_word' id='word_1_110' title='bbox 1097 1323 1310 1367; x_wconf 85' lang='lat' dir='ltr'>inducere.</span> <span class='ocrx_word' id='word_1_111' title='bbox 1343 1322 1483 1366; x_wconf 86' lang='lat' dir='ltr'>Multa</span> <span class='ocrx_word' id='word_1_112' title='bbox 1509 1322 1588 1365; x_wconf 86' lang='lat' dir='ltr'>sul)</span> <span class='ocrx_word' id='word_1_113' title='bbox 1613 1339 1663 1365; x_wconf 89' lang='lat' dir='ltr'>eo</span> <span class='ocrx_word' id='word_1_114' title='bbox 1687 1332 1728 1365; x_wconf 87' lang='lat' dir='ltr'>et</span> 
     </span>
     <span class='ocr_line' id='line_1_16' title="bbox 376 1403 1725 1460; baseline -0.006 -9"><span class='ocrx_word' id='word_1_115' title='bbox 376 1408 671 1451; x_wconf 85' lang='lat' dir='ltr'>animadversa</span> <span class='ocrx_word' id='word_1_116' title='bbox 701 1423 866 1460; x_wconf 84' lang='lat' dir='ltr'>severe,</span> <span class='ocrx_word' id='word_1_117' title='bbox 905 1415 946 1447; x_wconf 86' lang='lat' dir='ltr'>et</span> <span class='ocrx_word' id='word_1_118' title='bbox 985 1404 1190 1458; x_wconf 80' lang='lat' dir='ltr'>coercita,</span> <span class='ocrx_word' id='word_1_119' title='bbox 1233 1419 1310 1446; x_wconf 85' lang='lat' dir='ltr'>nec</span> <span class='ocrx_word' id='word_1_120' title='bbox 1344 1403 1484 1445; x_wconf 84' lang='lat' dir='ltr'>minus</span> <span class='ocrx_word' id='word_1_121' title='bbox 1519 1403 1725 1444; x_wconf 80' lang='lat' dir='ltr'>instituta.</span> 
     </span>
     <span class='ocr_line' id='line_1_17' title="bbox 381 1479 1727 1542; baseline -0.007 -11"><span class='ocrx_word' id='word_1_122' title='bbox 381 1487 607 1531; x_wconf 87' lang='lat' dir='ltr'>Adhibitus</span> <span class='ocrx_word' id='word_1_123' title='bbox 630 1487 840 1529; x_wconf 86' lang='lat' dir='ltr'>sumtibus</span> <span class='ocrx_word' id='word_1_124' title='bbox 866 1484 1018 1527; x_wconf 87' lang='lat' dir='ltr'>modus</span> <span class='ocrx_word' id='word_1_125' title='bbox 1042 1501 1050 1525; x_wconf 89' lang='lat'>:</span> <span class='ocrx_word' id='word_1_126' title='bbox 1077 1482 1255 1542; x_wconf 79' lang='lat' dir='ltr'>publicae</span> <span class='ocrx_word' id='word_1_127' title='bbox 1282 1498 1409 1524; x_wconf 85' lang='lat' dir='ltr'>coenae</span> <span class='ocrx_word' id='word_1_128' title='bbox 1437 1480 1490 1523; x_wconf 83' lang='lat' dir='ltr'>ad</span> <span class='ocrx_word' id='word_1_129' title='bbox 1516 1479 1727 1540; x_wconf 87' lang='lat' dir='ltr'>sportulas</span> 
     </span>
     <span class='ocr_line' id='line_1_18' title="bbox 377 1560 1728 1621; baseline -0.006 -12"><span class='ocrx_word' id='word_1_130' title='bbox 377 1565 555 1608; x_wconf 81' lang='lat' dir='ltr'>redactae</span> <span class='ocrx_word' id='word_1_131' title='bbox 584 1582 592 1608; x_wconf 90' lang='lat'>:</span> <span class='ocrx_word' id='word_1_132' title='bbox 624 1565 927 1619; x_wconf 79' lang='lat' dir='ltr'>interdictum,</span> <span class='ocrx_word' id='word_1_133' title='bbox 953 1578 1005 1605; x_wconf 87' lang='lat' dir='ltr'>ne</span> <span class='ocrx_word' id='word_1_134' title='bbox 1037 1561 1138 1621; x_wconf 85' lang='lat' dir='ltr'>quid</span> <span class='ocrx_word' id='word_1_135' title='bbox 1165 1562 1207 1602; x_wconf 91' lang='lat' dir='ltr'>in</span> <span class='ocrx_word' id='word_1_136' title='bbox 1233 1560 1401 1620; x_wconf 89' lang='lat' dir='ltr'>popinis</span> <span class='ocrx_word' id='word_1_137' title='bbox 1433 1560 1540 1602; x_wconf 90' lang='lat' dir='ltr'>cocti</span> <span class='ocrx_word' id='word_1_138' title='bbox 1578 1568 1728 1618; x_wconf 84' lang='lat' dir='ltr'>praeter</span> 
     </span>
     <span class='ocr_line' id='line_1_19' title="bbox 377 1637 1726 1704; baseline -0.006 -17"><span class='ocrx_word' id='word_1_139' title='bbox 377 1644 590 1704; x_wconf 84' lang='lat' dir='ltr'>legumina</span> <span class='ocrx_word' id='word_1_140' title='bbox 627 1654 698 1687; x_wconf 87' lang='lat' dir='ltr'>aut</span> <span class='ocrx_word' id='word_1_141' title='bbox 731 1642 842 1686; x_wconf 88' lang='lat' dir='ltr'>olera</span> <span class='ocrx_word' id='word_1_142' title='bbox 883 1643 1072 1696; x_wconf 79' lang='lat' dir='ltr'>veniret,</span> <span class='ocrx_word' id='word_1_143' title='bbox 1106 1656 1239 1699; x_wconf 84' lang='lat' dir='ltr'>quum</span> <span class='ocrx_word' id='word_1_144' title='bbox 1279 1650 1401 1682; x_wconf 86' lang='lat' dir='ltr'>antea</span> <span class='ocrx_word' id='word_1_145' title='bbox 1436 1637 1601 1681; x_wconf 88' lang='lat' dir='ltr'>nullum</span> <span class='ocrx_word' id='word_1_146' title='bbox 1640 1654 1726 1680; x_wconf 89' lang='lat' dir='ltr'>non</span> 
     </span>
     <span class='ocr_line' id='line_1_20' title="bbox 377 1718 1727 1783; baseline -0.006 -17"><span class='ocrx_word' id='word_1_147' title='bbox 377 1724 543 1783; x_wconf 89' lang='lat' dir='ltr'>opsonii</span> <span class='ocrx_word' id='word_1_148' title='bbox 566 1740 698 1783; x_wconf 86' lang='lat' dir='ltr'>genus</span> <span class='ocrx_word' id='word_1_149' title='bbox 721 1730 1058 1782; x_wconf 83' lang='lat' dir='ltr'>proponeretur:</span> <span class='ocrx_word' id='word_1_150' title='bbox 1077 1719 1221 1762; x_wconf 80' lang='lat' dir='ltr'>afflicti</span> <span class='ocrx_word' id='word_1_151' title='bbox 1241 1718 1458 1778; x_wconf 79' lang='lat' dir='ltr'>suppliciis</span> <span class='ocrx_word' id='word_1_152' title='bbox 1482 1718 1702 1760; x_wconf 79' lang='lat' dir='ltr'>christiani</span> <span class='ocrx_word' id='word_1_153' title='bbox 1717 1751 1727 1769; x_wconf 75' lang='lat'><strong>⁷</strong></span> 
     </span>
     <span class='ocr_line' id='line_1_21' title="bbox 379 1795 1727 1862; baseline -0.005 -17"><span class='ocrx_word' id='word_1_154' title='bbox 379 1819 514 1862; x_wconf 83' lang='lat' dir='ltr'>genus</span> <span class='ocrx_word' id='word_1_155' title='bbox 539 1802 763 1844; x_wconf 86' lang='lat' dir='ltr'>hominum</span> <span class='ocrx_word' id='word_1_156' title='bbox 790 1800 1104 1860; x_wconf 82' lang='lat' dir='ltr'>superstitionis</span> <span class='ocrx_word' id='word_1_157' title='bbox 1134 1815 1252 1841; x_wconf 75' lang='lat' dir='ltr'>nova:</span> <span class='ocrx_word' id='word_1_158' title='bbox 1281 1814 1329 1840; x_wconf 86' lang='lat' dir='ltr'>ac</span> <span class='ocrx_word' id='word_1_159' title='bbox 1363 1795 1587 1851; x_wconf 83' lang='lat' dir='ltr'>maleficae;</span> <span class='ocrx_word' id='word_1_160' title='bbox 1608 1797 1727 1839; x_wconf 64' lang='lat' dir='ltr'>vetiti</span> 
     </span>
     <span class='ocr_line' id='line_1_22' title="bbox 376 1865 1725 1941; baseline -0.006 -17"><span class='ocrx_word' id='word_1_161' title='bbox 376 1881 749 1941; x_wconf 87' lang='lat' dir='ltr'>quadrigariorum</span> <span class='ocrx_word' id='word_1_162' title='bbox 770 1879 913 1935; x_wconf 79' lang='lat' dir='ltr'>lusus,</span> <span class='ocrx_word' id='word_1_163' title='bbox 940 1879 1095 1938; x_wconf 84' lang='lat' dir='ltr'>quibus</span> <span class='ocrx_word' id='word_1_164' title='bbox 1117 1879 1348 1921; x_wconf 86' lang='lat' dir='ltr'>inveterata</span> <span class='ocrx_word' id='word_1_165' title='bbox 1374 1875 1543 1919; x_wconf 86' lang='lat' dir='ltr'>licentia</span> <span class='ocrx_word' id='word_1_166' title='bbox 1570 1865 1725 1934; x_wconf 83' lang='lat' dir='ltr'>passim</span> 
     </span>
     <span class='ocr_line' id='line_1_23' title="bbox 379 1956 1728 2020; baseline -0.006 -17"><span class='ocrx_word' id='word_1_167' title='bbox 379 1961 656 2020; x_wconf 80' lang='lat' dir='ltr'>vagantibus,</span> <span class='ocrx_word' id='word_1_168' title='bbox 686 1958 829 2002; x_wconf 84' lang='lat' dir='ltr'>fallere</span> <span class='ocrx_word' id='word_1_169' title='bbox 858 1976 905 2002; x_wconf 89' lang='lat' dir='ltr'>ae</span> <span class='ocrx_word' id='word_1_170' title='bbox 929 1958 1062 2016; x_wconf 78' lang='lat' dir='ltr'>furari</span> <span class='ocrx_word' id='word_1_171' title='bbox 1084 1974 1159 2016; x_wconf 82' lang='lat' dir='ltr'>per</span> <span class='ocrx_word' id='word_1_172' title='bbox 1181 1958 1326 2016; x_wconf 88' lang='lat' dir='ltr'>jocum</span> <span class='ocrx_word' id='word_1_173' title='bbox 1350 1956 1419 2015; x_wconf 90' lang='lat' dir='ltr'>jus</span> <span class='ocrx_word' id='word_1_174' title='bbox 1443 1963 1558 1997; x_wconf 85' lang='lat' dir='ltr'>erat:</span> <span class='ocrx_word' id='word_1_175' title='bbox 1582 1963 1728 2013; x_wconf 89' lang='lat' dir='ltr'>panto-</span> 
     </span>
     <span class='ocr_line' id='line_1_24' title="bbox 376 2033 1459 2095; baseline -0.006 -13"><span class='ocrx_word' id='word_1_176' title='bbox 376 2041 605 2082; x_wconf 89' lang='lat' dir='ltr'>mimorum</span> <span class='ocrx_word' id='word_1_177' title='bbox 630 2039 832 2082; x_wconf 83' lang='lat' dir='ltr'>factiones</span> <span class='ocrx_word' id='word_1_178' title='bbox 854 2053 950 2080; x_wconf 91' lang='lat' dir='ltr'>cum</span> <span class='ocrx_word' id='word_1_179' title='bbox 978 2038 1076 2095; x_wconf 88' lang='lat' dir='ltr'>ipsis</span> <span class='ocrx_word' id='word_1_180' title='bbox 1103 2034 1227 2077; x_wconf 90' lang='lat' dir='ltr'>simul</span> <span class='ocrx_word' id='word_1_181' title='bbox 1251 2033 1459 2094; x_wconf 80' lang='lat' dir='ltr'>relegatae.</span> 
     </span>
    </p>

    <p class='ocr_par' dir='ltr' id='par_1_4' title="bbox 376 2114 1727 2653">
     <span class='ocr_line' id='line_1_25' title="bbox 441 2114 1727 2173; baseline -0.005 -12"><span class='ocrx_word' id='word_1_182' title='bbox 441 2120 579 2161; x_wconf 87' lang='lat' dir='ltr'>XVII.</span> <span class='ocrx_word' id='word_1_183' title='bbox 605 2117 821 2161; x_wconf 85' lang='lat' dir='ltr'>Adversus</span> <span class='ocrx_word' id='word_1_184' title='bbox 843 2115 1032 2158; x_wconf 85' lang='lat' dir='ltr'>falsarios</span> <span class='ocrx_word' id='word_1_185' title='bbox 1066 2124 1165 2157; x_wconf 89' lang='lat' dir='ltr'>tunc</span> <span class='ocrx_word' id='word_1_186' title='bbox 1189 2114 1373 2173; x_wconf 88' lang='lat' dir='ltr'>primum</span> <span class='ocrx_word' id='word_1_187' title='bbox 1405 2121 1647 2172; x_wconf 82' lang='lat' dir='ltr'>repertum,</span> <span class='ocrx_word' id='word_1_188' title='bbox 1675 2129 1727 2155; x_wconf 92' lang='lat' dir='ltr'>ne</span> 
     </span>
     <span class='ocr_line' id='line_1_26' title="bbox 378 2193 1726 2256; baseline -0.004 -15"><span class='ocrx_word' id='word_1_189' title='bbox 378 2198 556 2253; x_wconf 80' lang='lat' dir='ltr'>tabulae,</span> <span class='ocrx_word' id='word_1_190' title='bbox 582 2198 662 2240; x_wconf 88' lang='lat' dir='ltr'>nisi</span> <span class='ocrx_word' id='word_1_191' title='bbox 691 2206 897 2256; x_wconf 79' lang='lat' dir='ltr'>pertusae‚</span> <span class='ocrx_word' id='word_1_192' title='bbox 921 2212 969 2238; x_wconf 86' lang='lat' dir='ltr'>ac</span> <span class='ocrx_word' id='word_1_193' title='bbox 993 2205 1057 2238; x_wconf 87' lang='lat' dir='ltr'>ter</span> <span class='ocrx_word' id='word_1_194' title='bbox 1081 2193 1169 2237; x_wconf 91' lang='lat' dir='ltr'>lino</span> <span class='ocrx_word' id='word_1_195' title='bbox 1193 2210 1267 2253; x_wconf 85' lang='lat' dir='ltr'>per</span> <span class='ocrx_word' id='word_1_196' title='bbox 1292 2193 1499 2236; x_wconf 87' lang='lat' dir='ltr'>foramina</span> <span class='ocrx_word' id='word_1_197' title='bbox 1527 2193 1726 2252; x_wconf 87' lang='lat' dir='ltr'>trajecto,</span> 
     </span>
     <span class='ocr_line' id='line_1_27' title="bbox 377 2271 1725 2338; baseline -0.005 -17"><span class='ocrx_word' id='word_1_198' title='bbox 377 2279 718 2338; x_wconf 86' lang='lat' dir='ltr'>obsignarentur.</span> <span class='ocrx_word' id='word_1_199' title='bbox 747 2278 960 2330; x_wconf 86' lang='lat' dir='ltr'>Cautum,</span> <span class='ocrx_word' id='word_1_200' title='bbox 989 2285 1035 2318; x_wconf 88' lang='lat' dir='ltr'>ut</span> <span class='ocrx_word' id='word_1_201' title='bbox 1069 2276 1111 2317; x_wconf 91' lang='lat' dir='ltr'>in</span> <span class='ocrx_word' id='word_1_202' title='bbox 1148 2274 1409 2317; x_wconf 82' lang='lat' dir='ltr'>testamentis</span> <span class='ocrx_word' id='word_1_203' title='bbox 1448 2273 1595 2332; x_wconf 85' lang='lat' dir='ltr'>primae</span> <span class='ocrx_word' id='word_1_204' title='bbox 1632 2271 1725 2315; x_wconf 81' lang='lat' dir='ltr'>duae</span> 
     </span>
     <span class='ocr_line' id='line_1_28' title="bbox 377 2352 1726 2412; baseline -0.006 -10"><span class='ocrx_word' id='word_1_205' title='bbox 377 2374 505 2412; x_wconf 85' lang='lat' dir='ltr'>cerae,</span> <span class='ocrx_word' id='word_1_206' title='bbox 534 2366 781 2400; x_wconf 82' lang='lat' dir='ltr'>testatorum</span> <span class='ocrx_word' id='word_1_207' title='bbox 806 2354 934 2398; x_wconf 86' lang='lat' dir='ltr'>modo</span> <span class='ocrx_word' id='word_1_208' title='bbox 965 2355 1138 2397; x_wconf 84' lang='lat' dir='ltr'>nominc</span> <span class='ocrx_word' id='word_1_209' title='bbox 1164 2354 1391 2412; x_wconf 87' lang='lat' dir='ltr'>inscripto,</span> <span class='ocrx_word' id='word_1_210' title='bbox 1420 2368 1562 2395; x_wconf 82' lang='lat' dir='ltr'>vacuae</span> <span class='ocrx_word' id='word_1_211' title='bbox 1585 2352 1726 2412; x_wconf 85' lang='lat' dir='ltr'>signa-</span> 
     </span>
     <span class='ocr_line' id='line_1_29' title="bbox 376 2431 1724 2493; baseline -0.006 -12"><span class='ocrx_word' id='word_1_212' title='bbox 376 2439 484 2481; x_wconf 74' lang='lat' dir='ltr'>turis</span> <span class='ocrx_word' id='word_1_213' title='bbox 505 2436 858 2490; x_wconf 81' lang='lat' dir='ltr'>ostenderentur3</span> <span class='ocrx_word' id='word_1_214' title='bbox 885 2451 931 2478; x_wconf 86' lang='lat' dir='ltr'>ac</span> <span class='ocrx_word' id='word_1_215' title='bbox 957 2451 1008 2476; x_wconf 85' lang='lat' dir='ltr'>ne</span> <span class='ocrx_word' id='word_1_216' title='bbox 1027 2435 1120 2493; x_wconf 87' lang='lat' dir='ltr'>quis</span> <span class='ocrx_word' id='word_1_217' title='bbox 1137 2432 1266 2475; x_wconf 84' lang='lat' dir='ltr'>alieni</span> <span class='ocrx_word' id='word_1_218' title='bbox 1283 2432 1521 2475; x_wconf 82' lang='lat' dir='ltr'>testamenti</span> <span class='ocrx_word' id='word_1_219' title='bbox 1543 2431 1724 2490; x_wconf 83' lang='lat' dir='ltr'>scriptor</span> 
     </span>
     <span class='ocr_line' id='line_1_30' title="bbox 380 2509 1724 2576; baseline -0.005 -18"><span class='ocrx_word' id='word_1_220' title='bbox 380 2516 563 2576; x_wconf 79' lang='lat' dir='ltr'>legatum</span> <span class='ocrx_word' id='word_1_221' title='bbox 584 2516 662 2558; x_wconf 88' lang='lat' dir='ltr'>sibi</span> <span class='ocrx_word' id='word_1_222' title='bbox 689 2515 936 2567; x_wconf 82' lang='lat' dir='ltr'>ascrihcret;</span> <span class='ocrx_word' id='word_1_223' title='bbox 955 2514 1053 2555; x_wconf 89' lang='lat' dir='ltr'>item</span> <span class='ocrx_word' id='word_1_224' title='bbox 1071 2547 1080 2565; x_wconf 87' lang='lat'>‚</span> <span class='ocrx_word' id='word_1_225' title='bbox 1108 2522 1150 2554; x_wconf 88' lang='lat' dir='ltr'>ut</span> <span class='ocrx_word' id='word_1_226' title='bbox 1182 2511 1416 2572; x_wconf 83' lang='lat' dir='ltr'>litigatores</span> <span class='ocrx_word' id='word_1_227' title='bbox 1441 2526 1518 2569; x_wconf 84' lang='lat' dir='ltr'>pro</span> <span class='ocrx_word' id='word_1_228' title='bbox 1543 2509 1724 2569; x_wconf 86' lang='lat' dir='ltr'>patroci-</span> 
     </span>
     <span class='ocr_line' id='line_1_31' title="bbox 381 2585 1721 2653; baseline -0.007 -16"><span class='ocrx_word' id='word_1_229' title='bbox 381 2596 460 2637; x_wconf 85' lang='lat' dir='ltr'>niis</span> <span class='ocrx_word' id='word_1_230' title='bbox 486 2605 642 2639; x_wconf 86' lang='lat' dir='ltr'>certam</span> <span class='ocrx_word' id='word_1_231' title='bbox 667 2595 909 2653; x_wconf 84' lang='lat' dir='ltr'>justamque</span> <span class='ocrx_word' id='word_1_232' title='bbox 935 2591 1200 2646; x_wconf 74' lang='lat' dir='ltr'>mercedem,</span> <span class='ocrx_word' id='word_1_233' title='bbox 1230 2607 1308 2649; x_wconf 85' lang='lat' dir='ltr'>pro</span> <span class='ocrx_word' id='word_1_234' title='bbox 1331 2587 1538 2633; x_wconf 87' lang='lat' dir='ltr'>subselliis</span> <span class='ocrx_word' id='word_1_235' title='bbox 1560 2585 1721 2630; x_wconf 89' lang='lat' dir='ltr'>nullam</span> 
     </span>
    </p>
   </div>
  </div>
 </body>
</html>
