1988 3439
740 275 978 310 TIBERIUS.
1484 280 1552 315 133

171 371 278 412 uua,
312 356 526 417 ambiguis
558 359 776 417 responsis
806 368 848 402 et
875 358 1028 403 callida
1061 364 1341 406 cunctatione
1371 381 1552 426 suspen-

170 434 276 478 dens
304 453 312 478 :
343 446 391 479 nt
413 435 591 495 quidam
621 437 875 497 patientiam
905 451 1182 501 rumperent,
1214 453 1344 503 atque
1374 462 1485 489 unus
1510 447 1551 489 iu

173 515 363 559 tumultu
398 513 706 576 proclamaret,
735 538 753 558 «
777 521 859 563 Aut
894 530 991 581 agat
1010 556 1021 577 ⁷
1054 531 1128 565 aut
1163 521 1337 567 desistat
1363 542 1371 567 ;
1397 545 1416 565 »
1445 526 1554 570 alter

170 612 316 639 coram
343 596 652 656 exprobraret,
680 601 916 656 «Ceteros⁷
941 601 1056 661 quod
1083 602 1266 663 polliciti
1297 605 1410 661 sint,
1434 606 1553 650 tarde

171 686 374 734 praestare
407 693 417 719 τ
457 676 531 720 sed
569 679 733 738 ipsum,
766 680 884 739 quod
915 692 1113 742 praestet,
1150 683 1272 727 tarde
1301 684 1554 744 polliceri.»

168 755 362 800 Tandem
387 759 510 817 quasi
541 769 739 816 coactus,
767 771 807 804 et
831 779 1046 821 querens,
1072 764 1309 808 «miseram
1334 776 1374 809 et
1400 783 1553 810 onero-

168 853 256 879 sam
294 838 463 900 injungi
499 840 579 883 sibi
615 842 931 899 servitutem,»
972 847 1130 906 recepit
1177 848 1430 908 imperium3
1474 866 1551 891 uec

168 926 310 960 tamen
332 916 483 975 aliter,
504 936 635 980 quam
658 932 724 977 ut,
744 922 1048 983 depositurum
1066 942 1110 969 se
1129 927 1415 988 quandoque,
1432 946 1551 989 spem

168 997 338 1041 ficeret.
367 1001 509 1060 Ipsius
536 1002 667 1045 verba
691 1013 791 1046 sunt
817 1022 824 1047 :
854 1007 1009 1049 «Dum
1033 1008 1202 1050 veniam
1219 1008 1271 1051 ad
1294 1009 1333 1052 id
1359 1020 1552 1070 tempus,

165 1094 252 1136 quo
277 1080 399 1124 vobis
418 1097 590 1141 aequum
611 1084 745 1143 possit
769 1085 929 1139 videri,
956 1086 1060 1130 dare
1090 1104 1164 1131 vos
1186 1087 1378 1149 aliquam
1404 1107 1551 1134 senee-

169 1160 247 1201 tuti
275 1176 379 1203 meze
401 1162 610 1221 requiem.
638 1183 657 1203 n

230 1241 370 1283 XXV.
397 1243 647 1286 Cunctandi
672 1262 798 1289 eausa
825 1257 917 1290 erat
941 1259 1081 1291 metus
1107 1251 1298 1310 nudique
1325 1254 1550 1296 imminen-

169 1322 275 1363 tium
292 1321 593 1366 discriminum
614 1342 622 1367 :
642 1335 685 1368 ut
703 1344 837 1387 slepe,
857 1349 875 1368 «
896 1327 1046 1388 lupum
1071 1348 1113 1372 se
1137 1331 1315 1375 auribus
1339 1342 1486 1376 tenere
1501 1368 1511 1388 ,
1532 1354 1550 1373 »

166 1400 342 1444 diceret.
370 1403 482 1445 Nam
509 1414 547 1445 et
576 1422 724 1448 servus·
754 1409 978 1467 Agrippae,
1004 1410 1207 1453 Clemens
1234 1413 1435 1468 nomine,
1464 1431 1547 1456 non

164 1483 529 1526 tontemnendam
552 1501 728 1529 manum
751 1489 793 1530 in
818 1487 1026 1532 ultionem
1052 1490 1218 1534 domini
1244 1503 1517 1553 compararat
1540 1512 1547 1536 :

164 1573 205 1606 et
234 1565 281 1606 L.
315 1564 569 1609 Scribonius
601 1568 729 1624 Libo,
758 1569 822 1612 vir
850 1569 1028 1626 nobilis,
1061 1588 1126 1613 res
1157 1589 1290 1615 novas
1318 1572 1426 1617 clam
1458 1591 1549 1617 mo-

167 1644 353 1688 liebatur
371 1663 378 1688 :
398 1656 438 1689 et
460 1646 621 1707 duplex
642 1648 798 1693 seditio
819 1650 1035 1707 militum,
1065 1653 1106 1695 in
1134 1652 1306 1713 Illyrico
1322 1664 1363 1697 et
1386 1655 1425 1696 in
1442 1656 1551 1697 Ger-

167 1726 334 1781 mania,
373 1737 521 1771 exorta
562 1739 639 1772 est.
677 1729 952 1791 Flagitabant
992 1734 1122 1776 ambo
1156 1735 1372 1778 exereitus
1412 1733 1549 1778 multa

164 1816 285 1851 extra
324 1808 522 1851 ordinem
558 1826 566 1852 :
600 1820 699 1854 ante
737 1813 907 1867 onmia,
943 1823 991 1856 ut
1023 1825 1302 1874 {equarentur
1330 1815 1550 1876 stipendio

167 1889 449 1947 praetorianis.
477 1892 804 1935 Germanis-iani
836 1893 1010 1953 quidem
1044 1896 1173 1937 etiam
1205 1897 1447 1956 principem
1477 1896 1550 1939 de-

165 1968 427 2025 trectabant,
446 1986 533 2014 non
553 1987 576 2014 a
598 1988 642 2015 sc
663 1972 837 2027 datum,
861 1991 1117 2035 summaque
1145 1976 1183 2018 vi
1205 1978 1548 2033 Germanicum,

164 2049 236 2107 qui
261 2058 353 2092 tum
370 2050 420 2092 iis
439 2061 640 2111 praeerat,
663 2052 715 2096 ad
732 2054 1041 2114 capessendam
1064 2056 1382 2116 rempublicam
1401 2075 1551 2117 perur-

165 2129 344 2187 gebant,
361 2146 623 2191 quamquam
646 2132 874 2177 obfirmate
899 2136 1184 2179 resistentem.
1202 2138 1345 2194 Quem
1365 2139 1549 2182 maxime

164 2225 312 2251 rasum
346 2210 528 2265 timens,
565 2222 707 2271 partes
740 2215 848 2268 sibi,
881 2232 989 2274 quas
1015 2218 1182 2260 senatui
1214 2216 1392 2273 liberet,
1423 2229 1549 2262 tuen-

166 2290 241 2333 das
274 2291 313 2333 in
345 2291 566 2352 republica
593 2293 845 2355 depoposcit
877 2315 883 2338 :
912 2298 1089 2356 quando
1117 2301 1328 2343 universa-
1350 2301 1551 2345 sufficere

164 2369 280 2414 solus
310 2389 438 2414 nemo
466 2383 640 2432 posset,
669 2375 746 2417 nisi
777 2393 875 2419 cuni
901 2376 1067 2434 altero,
1095 2379 1157 2423 vel
1187 2381 1315 2423 etiam
1337 2398 1436 2424 eum
1460 2381 1553 2441 plu-

165 2451 297 2494 ribus,
337 2450 567 2496 Simulavit
612 2465 651 2497 et
693 2454 1007 2513 valetudinem,
1048 2476 1135 2518 quo
1179 2461 1369 2519 :equiorc
1406 2462 1551 2503 animo

165 2533 459 2576 Germanicus
487 2532 668 2577 celerem
697 2537 1015 2581 stt(·(.·(¹ssiont·ul
1035 2573 1045 2592 ,
1072 2539 1133 2582 vel
1158 2550 1274 2582 eei-ic·
1299 2541 1548 2583 societatem

168 2613 462 2673 principatus,
486 2616 782 2676 opperiretur.
812 2621 1080 2679 Compositis
1109 2621 1419 2675 seditionibus,
1447 2620 1548 2664 Cle—

166 2703 354 2738 mentem
387 2712 563 2756 quoque
591 2697 741 2741 fraude
763 2698 993 2760 deceptum
1021 2702 1183 2760 redegit
1211 2704 1250 2745 in
1277 2711 1546 2762 potestatem.
