1971 3342
425 211 470 245 So
941 212 978 248 C.
1006 213 1233 248 SUETONII

424 309 507 352 que
532 293 760 340 coenaculis
796 296 1033 356 spectabat,
1063 295 1279 338 interdum
1305 311 1327 337 e
1354 293 1588 354 pulvinari,
1611 303 1653 336 et
1677 294 1769 352 qui-

426 372 521 415 dem
545 390 643 416 cum
668 375 852 435 conjuge
879 391 928 418 ac
960 374 1124 428 liberis,
1157 373 1318 417 sedens.
1356 371 1610 433 Spectaculo
1641 371 1771 431 pluri-

425 467 515 495 mas
553 452 700 509 horas,
725 453 957 513 aliquando
993 463 1105 496 totos
1134 452 1222 496 dies
1260 453 1426 508 aberat,
1465 453 1599 513 petita
1631 452 1772 507 venia,

424 531 837 591 commendatisque,
858 533 933 592 qui
957 548 1077 575 suam
1100 532 1236 575 vicem
1263 531 1530 592 praesidendo
1552 530 1778 590 fungeren-

423 618 507 651 tur.
535 611 700 653 Verum
726 611 893 670 quoties
916 609 1106 664 adesset,
1134 609 1239 653 nihil
1266 620 1469 671 praeterea
1490 610 1643 670 agebat
1664 625 1673 651 ε
1697 624 1769 651 seu

424 687 586 730 vitandi
610 690 795 732 rumoris
830 705 956 732 causa
972 724 983 745 ,
1011 706 1098 749 quo
1124 699 1289 749 patrem
1313 692 1523 734 Caesarem
1558 687 1688 748 vulgo
1712 703 1779 730 re-

424 768 682 826 prehensum
698 768 1081 826 commemorabat,
1097 769 1213 830 quod
1234 769 1344 813 inter
1366 768 1646 830 spectandum
1667 768 1778 828 epis-

424 845 521 889 tolis
558 846 796 907 libellisque
838 847 1027 909 legendis
1066 865 1115 893 ac
1155 848 1436 893 rescribendis
1468 857 1660 901 vacaret,
1703 863 1773 889 seu

424 926 566 969 studio
588 928 806 986 spectandi
829 945 878 971 ac
903 927 1143 988 voluptate,
1167 946 1251 988 qua
1272 928 1407 971 teneri
1431 944 1473 971 se
1496 943 1636 986 neque
1658 926 1779 969 dissi-

424 1004 603 1047 mulavit
630 1023 846 1065 unquam,
875 1018 915 1050 et
940 1024 1048 1067 saepe
1074 1008 1259 1068 ingenue
1283 1007 1497 1067 professus
1521 1015 1596 1049 est.
1625 1008 1777 1063 Itaque

424 1083 649 1128 corollaria
675 1095 715 1128 et
737 1087 913 1145 praemia
940 1086 1089 1130 alienis
1111 1103 1283 1146 quoque
1309 1086 1563 1129 muneribus
1590 1101 1639 1128 ac
1666 1083 1776 1127 ludis

423 1174 465 1206 et
491 1164 642 1207 crebra
670 1174 713 1207 et
741 1165 921 1225 grandia
946 1165 998 1208 de
1025 1183 1103 1209 suo
1129 1165 1336 1209 offerebat
1364 1182 1373 1208 :
1403 1163 1598 1224 nullique
1625 1166 1778 1208 Graeco

423 1244 646 1287 certamini
688 1245 909 1300 interfuit,
953 1262 1039 1305 quo
1078 1262 1164 1288 non
1207 1262 1286 1305 pro
1327 1245 1481 1288 merito
1520 1243 1776 1287 certantium

422 1339 635 1382 quemque
660 1323 901 1366 honorarit.
938 1325 1156 1384 Spectavit
1186 1334 1332 1367 autem
1365 1323 1672 1366 studiosissime
1700 1339 1777 1382 pu-

424 1400 546 1460 giles,
575 1411 617 1444 et
641 1402 825 1444 maxime
850 1402 1029 1445 Latinos
1058 1420 1067 1444 t
1098 1419 1185 1445 non
1212 1402 1426 1463 legitimos
1450 1411 1580 1462 atque
1607 1401 1780 1448 ordina-

422 1479 506 1521 rios
530 1479 680 1535 modo,
709 1497 816 1540 quos
843 1482 973 1524 etiam
996 1484 1265 1526 committere
1288 1499 1387 1526 curn
1409 1484 1571 1527 Graecis
1594 1480 1780 1536 solebat3

423 1557 496 1600 sed
529 1568 571 1601 et
604 1562 860 1603 catervarios
893 1561 1158 1621 oppidanos,
1189 1562 1302 1605 inter
1336 1563 1555 1622 angustias
1587 1562 1778 1604 vicorum

423 1647 664 1696 pugnantes
692 1648 851 1682 temere
875 1656 923 1683 ac
953 1642 1043 1684 sine
1073 1651 1176 1684 arte.
1206 1642 1470 1684 Universum
1496 1640 1681 1700 denique
1709 1657 1782 1701 ge-

422 1733 501 1759 nus
524 1734 674 1776 operas
696 1717 858 1778 aliquas
883 1718 1057 1779 publico
1079 1719 1324 1780 spectaculo
1346 1721 1630 1780 praebentium
1652 1720 1780 1763 etiam

420 1812 524 1839 cura
545 1814 622 1840 sua
645 1798 846 1858 dignatus
867 1809 943 1842 est.
968 1799 1153 1844 Athletis
1177 1809 1218 1843 et
1240 1801 1511 1844 conservavit
1532 1799 1779 1861 privilegia,

420 1885 461 1918 et
496 1876 729 1936 ampliavit.
767 1877 1040 1923 Gladiatores
1077 1881 1167 1923 sine
1201 1881 1402 1924 missione
1436 1879 1503 1922 edi
1540 1879 1778 1939 prohibuit.

420 1957 738 1999 Coercitionem
766 1958 810 2000 in
837 1958 1091 2014 histriones,
1119 1959 1441 2019 magistratibus
1464 1959 1508 2000 in
1533 1959 1651 2001 omni
1673 1967 1781 2001 tem·

420 2051 524 2093 pore
545 2045 587 2078 et
611 2035 704 2078 loco
725 2035 816 2096 lege
838 2046 979 2079 vetere
998 2039 1268 2096 permissam,
1291 2037 1469 2092 ademit,
1493 2040 1780 2097 praeterquam

420 2112 531 2156 ludis
556 2124 597 2156 ct
622 2130 760 2157 scena.
785 2116 876 2157 Nec
900 2125 1043 2159 tamen
1070 2133 1120 2159 eo
1143 2118 1284 2160 minus
1307 2126 1381 2160 aut
1402 2118 1666 2177 xysticorum
1689 2133 1781 2160 cer-

419 2194 625 2249 tationes,
660 2203 735 2236 aut
770 2192 1057 2254 gladiatorum
1092 2213 1283 2257 pugnas,
1316 2198 1580 2241 severissime
1613 2213 1781 2257 semper

419 2273 572 2332 exegit.
604 2275 719 2317 Nam
749 2274 1008 2318 histrionum
1039 2274 1257 2319 licentiam
1286 2276 1391 2320 adeo
1421 2278 1706 2337 compescuit,
1734 2285 1780 2319 ut

417 2352 755 2411 Stephanionem
782 2355 1062 2414 togatarium,
1086 2355 1154 2398 cui
1180 2356 1223 2397 iu
1246 2355 1455 2415 puerilem
1476 2356 1674 2400 habitum
1697 2357 1779 2399 cir-

419 2442 689 2475 cumtonsam
709 2443 951 2476 matronam
972 2434 1237 2477 ministrasse
1257 2445 1547 2495 compererat,
1570 2451 1648 2495 per
1668 2435 1779 2477 trina

418 2510 584 2554 theatra
614 2512 747 2573 virgis
776 2529 931 2557 caesum
960 2513 1238 2574 relegaverit,
1267 2514 1406 2574 Hylan
1435 2515 1777 2575 pantomimum,

419 2601 634 2648 qurercnte
655 2603 856 2651 praetore,
881 2595 922 2636 in
952 2595 1062 2636 atrio
1086 2594 1239 2637 domus
1260 2611 1366 2650 suae,
1389 2597 1559 2640 nemine
1582 2594 1776 2650 excluso,
