1971 3342
443 284 461 319 4
973 277 1010 309 c.
1043 275 1270 310 sUETONH

445 370 640 421 neptem3
670 375 768 402 cum
801 375 886 417 qua
915 357 1069 400 deinde
1095 357 1328 399 divortium
1357 355 1482 412 fecit,
1512 355 1794 402 adulteratam

444 440 641 500 opinatus
669 456 693 482 a
717 442 764 483 P.
795 437 977 490 Clodio;
1008 452 1135 495 quem
1167 436 1279 478 inter
1311 434 1503 495 publicas
1533 437 1796 481 caerimonias

443 529 689 579 penetrasse
725 517 778 561 ad
815 533 908 560 eam
945 514 1143 558 muliebri
1180 523 1294 557 veste
1328 524 1415 558 tam
1448 526 1647 560 constans
1683 516 1796 560 fama

444 608 560 653 erat,
594 608 642 641 ut
674 606 842 640 senatus
877 596 1157 655 quaestionem
1194 594 1245 637 de
1279 593 1453 655 pollutis
1488 596 1618 639 sacris
1651 596 1797 640 decre-

443 678 563 721 verit.

505 758 601 800 VII.
640 754 856 814 Quaestori
884 752 1063 796 ulterior
1087 753 1294 812 Hispania
1319 753 1494 817 obvenit
1521 770 1530 796 ε
1555 754 1628 797 ubi
1663 770 1795 812 quum

445 835 649 878 mandatu
673 834 890 894 praetoriS,
914 834 1010 892 jure
1042 831 1230 875 dicundo
1258 842 1494 875 conventus
1527 833 1798 888 circumiret,

443 915 671 974 Gadesque
694 914 894 968 venisset,
914 911 1210 955 animadversa
1232 911 1347 971 apud
1368 910 1564 955 Herculis
1590 911 1798 971 templum

443 995 592 1054 Magni
616 992 850 1037 Alexandri
874 991 1080 1052 imagine,
1109 992 1319 1052 ingemuit
1347 1007 1355 1033 :
1384 1001 1425 1033 et
1450 991 1571 1050 quasi
1595 1000 1798 1050 pertaesus

445 1074 660 1135 ignaviam
686 1089 827 1128 suam,
851 1072 967 1132 quod
992 1070 1098 1114 nihil
1122 1071 1225 1113 dum
1248 1087 1271 1114 a
1290 1087 1333 1114 se
1355 1070 1634 1114 memorabile
1657 1080 1798 1114 actum

444 1161 553 1195 esset
594 1153 638 1194 in
678 1161 826 1206 aetate,
865 1166 949 1209 qua
985 1151 1075 1210 jam
1117 1149 1359 1194 Alexander
1397 1150 1544 1192 orbem
1587 1159 1799 1192 terrarum

444 1230 703 1290 subegisset,
728 1229 979 1272 missionem
1007 1230 1215 1271 continuo
1241 1228 1515 1289 efflagitavit,
1544 1228 1598 1271 ad
1625 1238 1802 1288 captan-

445 1310 519 1353 das
546 1326 675 1370 quam
702 1310 891 1369 primum
920 1309 1133 1367 majorum
1163 1324 1306 1350 rerum
1337 1309 1579 1351 occasiones
1608 1309 1651 1351 in
1681 1308 1799 1351 urbe.

445 1391 589 1432 Etiam
607 1388 834 1432 confusum
854 1404 953 1430 eum
973 1387 1142 1430 somnio
1160 1388 1363 1447 proximae
1383 1389 1520 1431 noctis
1543 1388 1667 1448 (nam
1688 1388 1803 1430 visus

448 1478 539 1512 erat
572 1484 649 1528 per
678 1468 867 1527 quietem
897 1467 1023 1510 matri
1055 1475 1254 1526 stuprum
1286 1466 1510 1527 intulisse)
1542 1468 1805 1527 conjectores

446 1547 500 1591 ad
523 1546 828 1607 amplissimam
855 1562 974 1607 spem
999 1546 1308 1601 incitaverunt,
1332 1547 1560 1589 arbitrium
1580 1546 1696 1590 orbis
1720 1556 1805 1589 ter-

446 1642 592 1669 rarum
625 1625 825 1685 portendi
861 1627 1229 1685 interpretantes:
1259 1624 1437 1686 quatgdo
1472 1635 1636 1680 mater,
1673 1641 1803 1687 quam

445 1704 677 1763 adjectam
700 1705 782 1748 sibi
799 1705 1000 1759 vidisset,
1023 1720 1108 1747 non
1130 1703 1222 1747 alia
1240 1713 1369 1758 esset,
1396 1720 1525 1765 quam
1548 1713 1686 1758 terra,
1706 1716 1807 1765 quse

447 1787 637 1828 omnium
652 1801 820 1847 parens
841 1784 1081 1829 haberetur.

510 1866 630 1908 VIII.
667 1863 891 1908 Decedens
919 1880 1020 1924 ergo
1054 1873 1152 1907 ante
1185 1873 1382 1923 tempus,
1408 1862 1596 1907 colonias
1627 1862 1806 1918 latinas,

448 1943 499 1986 de
530 1943 713 2003 petenda
743 1944 916 1986 civitate
952 1945 1189 2004 agitantes,
1217 1943 1323 1987 adiit
1355 1960 1364 1986 :
1396 1953 1438 1986 et
1472 1943 1526 1986 ad
1561 1943 1807 1986 audendum

447 2021 611 2082 aliquid
634 2023 907 2079 concitasset,
931 2024 1012 2066 nisi
1035 2022 1229 2066 consules
1253 2023 1521 2082 conscriptas
1546 2022 1589 2065 in
1613 2020 1810 2067 Ciliciam

449 2100 637 2162 legiones
676 2101 895 2161 paulisper
929 2102 984 2145 ob
1023 2101 1066 2144 id
1105 2102 1246 2162 ipsum
1283 2102 1557 2145 retinuissent
1595 2118 1604 2144 :
1642 2117 1721 2144 nec
1759 2117 1809 2144 eo

448 2181 584 2224 secius
608 2181 772 2240 majora
797 2197 897 2224 mox
923 2182 966 2224 in
992 2182 1097 2224 urbe
1120 2181 1294 2224 molitus
1318 2190 1393 2224 cst.

510 2262 585 2303 IX.
625 2259 845 2319 Siquidem
885 2271 983 2304 ante
1024 2277 1184 2321 paucos
1230 2261 1345 2317 dies,
1387 2277 1517 2320 quam
1563 2259 1809 2304 aedilitatem

451 2340 600 2396 iniret,
624 2341 740 2383 venit
766 2341 808 2382 in
832 2342 1120 2401 suspicionem
1149 2341 1416 2400 conspirasse
1444 2357 1540 2383 cum
1568 2343 1630 2384 M.
1656 2342 1810 2383 Crasso

449 2419 691 2475 consulari,
727 2423 830 2464 item
865 2423 908 2463 P.
939 2420 1058 2465 Sulla
1087 2432 1127 2464 ct
1152 2422 1391 2475 Autronio,
1427 2429 1519 2480 post
1553 2420 1810 2480 designatio-

452 2516 549 2542 ncm
568 2498 838 2554 consulatus,
857 2501 1041 2543 ambitus
1063 2500 1380 2554 condemnatis,
1405 2511 1453 2543 nt
1470 2501 1688 2562 principio
1709 2500 1809 2542 anni

451 2588 645 2622 senatum
671 2580 963 2634 adorirentur,
986 2589 1028 2622 ct
1054 2580 1298 2635 trucidatis,
1321 2597 1427 2640 quos
1451 2580 1655 2641 placitum
1681 2589 1810 2633 essct,

454 2656 711 2701 dictaturam
737 2660 918 2703 Crassus
942 2658 1180 2715 invaderet,
1207 2659 1295 2719 ipse
1319 2661 1371 2702 ab
1397 2678 1447 2704 co
1472 2661 1673 2721 magister
1694 2661 1811 2719 cqui-
