1988 3439
750 263 991 298 TIBERIUS.
1480 280 1544 303 121

178 361 201 387 a
241 347 421 390 nutricis
452 347 607 403 ubere,
641 348 828 414 iterum,
866 363 1000 413 quum
1033 364 1057 389 a
1092 347 1188 389 sinu
1216 350 1365 390 matris
1397 352 1551 412 raptim

178 425 423 470 auferretur
452 427 505 470 ab
536 427 612 484 iis,
640 427 716 486 qui
748 443 828 487 pro
860 428 1112 470 necessitate
1141 429 1350 489 temporis
1376 429 1551 474 mulier-

177 505 294 551 culas
322 507 462 551 levare
486 525 618 551 onere
645 508 882 551 tentabant.
906 510 988 552 Per
1006 507 1197 552 Siciliam
1218 526 1391 570 quoque
1415 521 1457 554 et
1477 528 1554 571 per

178 587 384 631 Achaiam
409 587 760 645 circumductus,
787 606 837 633 ac
856 589 1196 633 Lacedaemoniis
1220 588 1414 650 publice,
1435 591 1553 650 quod

175 668 219 710 iu
240 668 375 712 tutela
391 667 679 713 Claudiorum
697 680 842 727 erant,
861 669 1148 715 demandatus
1162 705 1173 726 ,
1191 669 1436 732 digrediens
1455 671 1555 714 inde

176 749 328 793 itinere
359 759 604 807 nocturno,
635 750 865 795 discrimen
893 752 992 795 vitae
1019 751 1146 807 adiit,
1174 751 1349 795 flamma
1377 761 1555 812 repente

172 846 194 872 e
223 828 341 873 silvis
367 829 561 890 undique
582 842 751 888 exorta,
777 832 972 892 adeoque
996 849 1172 876 omnem
1196 833 1452 876 comitatum
1473 832 1555 875 eir-

171 909 424 970 cumplexa,
452 921 500 955 ut
524 913 657 956 Liviae
684 930 782 974 pars
808 914 939 957 vestis
963 922 1004 956 et
1026 912 1171 974 capilli
1197 913 1548 956 amburerentur.

169 991 384 1048 Munera,
416 993 575 1052 quibus
608 1010 632 1037 a
664 995 899 1054 Pompeia,
930 996 1047 1039 Sext.
1080 994 1277 1055 Pompeii
1309 1010 1481 1049 sorore,
1511 993 1554 1036 iu

171 1069 316 1114 Sicilia
335 1071 523 1117 donatus
541 1084 624 1130 est,
641 1072 835 1135 chlamys
861 1084 903 1118 et
928 1073 1082 1131 fibula,
1113 1075 1218 1118 item
1237 1073 1368 1117 bullae
1391 1090 1553 1129 aureae,

171 1150 352 1209 durant,
390 1154 772 1215 ostendunturque
806 1154 953 1198 adhuc
990 1156 1118 1199 Baiis.
1152 1158 1256 1199 Post
1292 1154 1482 1198 reditum
1512 1155 1555 1198 in

170 1232 335 1275 Urbem
362 1250 387 1276 a
411 1235 472 1277 M.
503 1233 648 1278 Gallio
673 1245 874 1278 senatore
902 1244 1161 1280 testamento
1194 1236 1426 1296 adoptatus
1443 1270 1454 1291 ,
1481 1235 1556 1279 he-

171 1311 353 1356 reditate
377 1313 517 1370 adita,
542 1331 643 1358 mox
664 1317 840 1358 nomine
867 1316 1106 1371 abstinuit3
1135 1316 1253 1377 quod
1282 1315 1453 1360 Gallius
1478 1316 1555 1360 ad-

172 1409 393 1437 versarum
425 1397 626 1455 Augusto
656 1397 850 1456 partium
880 1397 1034 1440 fuerat.
1067 1400 1239 1442 Novem
1269 1408 1394 1441 natus
1419 1414 1557 1441 annos

169 1473 424 1519 defunctum
452 1485 621 1535 patrem
650 1493 730 1536 pro
759 1478 931 1520 Rostris
965 1477 1172 1521 laudavit.
1202 1478 1374 1522 Dehinc
1399 1478 1558 1540 pubes·

170 1571 268 1599 ecus
303 1556 484 1600 Actiaco
522 1557 747 1618 triumpho
784 1574 964 1602 currum
990 1559 1177 1620 Augusti
1207 1559 1439 1603 comitatus
1469 1569 1556 1616 est,

168 1637 434 1681 sinisteriore
460 1636 599 1682 funali
628 1656 762 1700 equo,
793 1656 930 1700 quum
956 1639 1193 1684 Marcellus
1219 1641 1414 1685 Octaviae
1444 1639 1558 1684 filius

169 1717 412 1763 dexteriore
440 1720 685 1764 veheretur.
713 1720 921 1764 Praesedit
946 1730 987 1764 et
1008 1721 1196 1765 Actiacis
1223 1719 1363 1777 ludis,
1388 1731 1431 1765 et
1452 1723 1560 1765 Tro·-

164 1800 278 1859 janis
306 1801 595 1857 circensibus,
623 1800 781 1846 ductor
807 1811 963 1845 turmae
994 1819 1235 1862 puerorum
1264 1802 1497 1863 majorum.

229 1882 325 1925 VII.
353 1880 481 1926 Virili
518 1891 619 1943 toga
652 1892 821 1938 sumta,
854 1881 1192 1927 adolescentiam
1224 1900 1425 1938 omnem,
1456 1900 1559 1944 spa-

168 1963 365 2022 tiumque
391 1962 663 2022 insequentis
688 1964 826 2006 {etatis
855 1980 991 2023 usquc
1023 1963 1077 2006 ad
1106 1964 1378 2024 principatus
1409 1964 1558 2018 initia,

169 2060 247 2104 per
275 2043 364 2088 haec
395 2042 484 2088 fere
513 2045 725 2105 transegit
748 2061 756 2087 :
783 2046 948 2088 Munus
981 2043 1291 2105 gladiatorium
1322 2045 1366 2087 in
1392 2060 1559 2087 memo·

167 2124 276 2167 riam
298 2124 432 2184 patris
446 2160 458 2180 ‚
479 2133 521 2168 et
539 2123 727 2169 alterum
753 2126 795 2168 in
816 2126 885 2169 avi
909 2127 1043 2170 Drusi
1058 2161 1068 2179 ‚
1095 2124 1234 2182 dedit,
1255 2125 1435 2169 diversis
1454 2135 1559 2168 tem-

169 2204 348 2264 poribus
383 2221 432 2248 ac
468 2203 573 2249 locis
601 2223 610 2248 ε
641 2206 833 2265 primum
862 2207 905 2249 in
937 2208 1074 2262 Foro,
1102 2205 1347 2249 secundum
1379 2206 1422 2249 in
1453 2208 1557 2251 Am-

167 2285 442 2345 phitheatr03
464 2284 668 2329 rudiariis
684 2302 860 2345 quoque
878 2285 1140 2345 quibusdam
1159 2287 1388 2343 revocatis,
1410 2295 1559 2330 aucto-

168 2375 364 2409 ramento
390 2375 625 2409 centenum
649 2364 849 2408 millium.
880 2364 1015 2408 Dedit
1041 2375 1084 2409 et
1108 2364 1257 2423 ludos,
1281 2366 1355 2411 sed
1376 2367 1557 2419 absens;

167 2456 324 2489 cuncta
359 2446 615 2507 magnifice,
658 2446 854 2506 impensa
894 2446 1045 2488 matris
1081 2462 1130 2489 ac
1160 2447 1316 2490 vitrici.
1351 2447 1557 2508 Agrippi-

169 2543 268 2569 nam
284 2561 295 2581 ,
316 2528 376 2570 M.
401 2527 593 2586 Agrippa
612 2526 828 2587 genitam,
850 2536 1022 2586 neptem
1047 2526 1209 2570 Caecilii
1229 2528 1361 2570 Attici
1384 2527 1556 2586 Equitis

169 2607 383 2661 Romani,
416 2606 483 2649 ad·
507 2624 637 2666 quein
667 2617 763 2649 sunt
795 2607 1020 2650 Ciceronis
1052 2606 1267 2667 epistolae,
1296 2607 1420 2649 duxit
1450 2623 1555 2649 uxo-

170 2704 258 2730 rem
282 2705 289 2730 :
313 2687 569 2746 sublatoque
591 2705 636 2729 cx
665 2705 711 2730 ra
737 2686 824 2730 fili«,
850 2690 1013 2741 Druso,
1038 2704 1301 2747 qiuunquam
1326 2688 1432 2731 bene
1454 2705 1552 2730 ron-
