1988 3407
602 223 654 257 IN
685 224 725 258 C.
757 223 789 257 J.
819 222 1080 258 CAESAREM.
1480 227 1548 263 153

204 299 311 335 Civili
330 299 469 335 animo.
496 300 541 336 H.
568 313 598 336 e.
630 312 740 348 aequo
768 307 804 336 et
830 298 998 335 remisso.

204 370 293 407 CAP.
321 372 499 410 LXXVI.
535 372 759 406 Proenomen
785 371 1046 418 Imperatoris.
1072 373 1195 407 Antea
1226 372 1359 419 duces,
1388 388 1428 411 re
1455 376 1553 412 bene

146 439 262 481 gesta,
285 434 529 481 imperatores
547 432 820 469 salutabantur.
842 432 981 478 Caesar,
1007 439 1044 468 et
1069 433 1136 482 qui
1159 446 1245 469 eum
1266 436 1383 471 secuti
1397 445 1496 484 sunt,
1514 439 1554 474 id

147 502 364 531 sumserunt
374 510 383 541 3
395 494 460 531 sed
474 495 525 530 ita
534 502 577 530 ut
599 506 748 542 semper
759 494 906 530 nomini
920 495 1186 542 subjiceretur.
1199 497 1260 532 Ab
1275 497 1348 533 hoc
1363 505 1536 547 ternpore
1546 530 1555 546 ‚

144 555 184 591 in
204 568 426 604 praenomen
449 569 675 593 conversum
696 563 830 593 notare
857 557 973 605 coepit
992 569 1181 594 summum
1207 559 1422 607 imperium.

196 629 420 667 Flaminem.
436 628 535 674 Cic.‚
560 628 730 676 Philipp.
752 641 805 674 11,
827 629 874 672 43
899 642 906 664 :
927 645 941 660 α
955 631 1078 675 Quem
1105 630 1134 665 is
1156 629 1339 677 majorem
1367 632 1554 669 honorem

144 697 370 727 consecutus
380 698 476 737 erat,
489 702 605 739 quam
619 697 661 725 ut
675 690 832 726 haberet
851 691 1039 739 pulvinar,
1058 692 1302 728 simulacrum
1313 721 1323 739 ,
1343 693 1555 743 fastigium,

144 749 350 788 flaminem.
380 753 445 789 Est
469 765 560 801 ergo
595 750 753 798 flamen,
780 760 822 788 ut
842 753 951 799 Jovi,
986 761 1028 789 ut
1057 754 1194 800 Marti,
1220 762 1263 790 ut
1290 755 1476 802 Quirino,
1506 757 1552 793 sic

145 813 236 850 divo
257 815 361 851 Julio
380 817 435 850 M.
455 814 673 851 Antonius?
693 832 708 847 »

195 886 397 933 Lupercos.
426 885 520 931 Dio,
540 898 653 932 XLIV,
673 898 711 934 p.
741 886 814 929 243
839 899 847 921 :
874 885 1050 938 Ῐεροττοιοὺς
1074 906 1110 925 τε
1132 893 1160 931 ἐς
1174 897 1229 926 τοῦ
1249 896 1354 933 Πανὸς
1371 908 1553 941 Tagum-§.t-

143 949 358 1000 ὃιὰς,τρίτην
381 954 455 988 τινὰ
482 955 646 1000 ἑταιρίαν,
668 955 704 991 ἣν
740 949 863 988 Ϊουλίαν
894 956 1082 1001 ὠνόμασαν.
1103 950 1197 985 Duae
1217 952 1485 988 tantummodo
1509 953 1556 989 ad

140 1009 215 1045 hoc
242 1017 394 1058 tempus
414 1012 672 1059 Lupercorum
697 1010 916 1048 sodalitates
937 1025 944 1047 :
964 1012 1221 1048 Fabianorum
1242 1020 1278 1048 et
1296 1014 1553 1058 Quintiliano—

142 1085 234 1108 rum.
254 1073 354 1110 Vide
370 1073 541 1111 Fzsrum.

198 1143 394 1180 Substituit
411 1144 492 1181 sibi.
516 1144 611 1180 Inde
631 1144 888 1180 substituendi
911 1144 983 1180 sibi
1000 1145 1115 1180 alium
1139 1147 1379 1182 consuetudo
1399 1147 1554 1196 incepit.

141 1205 303 1242 Suffecti
320 1207 369 1251 Q.
391 1207 533 1243 Fabius
552 1207 743 1242 Maximus
769 1213 805 1241 et
834 1207 874 1243 C.
902 1207 1137 1253 Trebonius;
1159 1215 1195 1242 et
1214 1221 1344 1245 rursus
1370 1209 1409 1244 in
1428 1210 1557 1246 locum

139 1267 430 1316 BIaximi‚prid.
451 1269 524 1304 kal.
543 1269 622 1316 jan.
644 1269 836 1315 defuncti,
851 1268 890 1305 C.
905 1269 1086 1306 Caninius
1099 1271 1268 1307 Rebilus.
1292 1272 1347 1307 Cf.
1367 1273 1554 1320 Piomus,

142 1333 264 1375 Arm„
288 1344 357 1378 111,
379 1345 418 1380 p.
447 1331 534 1378 457,
559 1339 595 1367 et
623 1334 854 1368 Bimmim.

195 1401 353 1439 Comitia
380 1404 497 1438 nulla.
525 1404 626 1439 Toto
660 1415 705 1438 eo
736 1409 910 1451 tempore
940 1416 1018 1451 quo
1049 1405 1150 1440 victo
1176 1406 1359 1454 Pompeio
1379 1407 1556 1455 AEgypti,

138 1464 251 1501 Ponti
271 1471 308 1500 et
330 1465 467 1502 Africae
480 1465 588 1501 bellis
609 1466 730 1501 Caesar
749 1466 1012 1512 detinebatur,
1029 1468 1132 1503 nulla
1155 1481 1262 1516 paene
1283 1469 1414 1504 habita
1440 1470 1558 1505 comi-

139 1525 282 1564 tiorum
300 1526 422 1572 ratio,
452 1539 494 1563 ac
513 1540 561 1563 ne
580 1527 683 1563 bello
707 1527 865 1575 quidem
886 1527 1140 1576 hispaniensi3
1163 1530 1229 1565 sed
1249 1530 1419 1579 magistri
1443 1532 1557 1579 equi—

139 1595 244 1634 tum,
272 1588 440 1636 primum
469 1589 683 1636 Antonius,
709 1597 843 1637 postea
880 1589 1071 1637 Lepidus,
1109 1592 1265 1628 absente
1301 1593 1468 1638 Caesare,
1498 1605 1557 1629 res

138 1650 304 1687 urbanas
323 1651 648 1688 administramnt.

191 1712 486 1762 Proesectosque.
513 1715 571 1750 De
585 1714 811 1762 magistratu
834 1725 959 1760 novo,
979 1715 1054 1750 hoc
1073 1716 1229 1751 nomine
1252 1717 1340 1752 inde
1364 1729 1383 1751 a
1405 1718 1557 1755 Caesaris

137 1780 311 1823 tempore
334 1776 453 1811 creari
474 1777 608 1821 solito,
624 1776 670 1811 cf.
696 1778 855 1821 Rosmn,
876 1778 1004 1825 Antc'q.
1033 1790 1148 1822 mm.,
1177 1791 1258 1824 vn,
1287 1784 1329 1822 14
1346 1808 1355 1824 ‚
1379 1778 1465 1823 504.

193 1837 388 1873 Praesente
411 1851 462 1873 se.
491 1838 613 1874 Aliter
634 1838 732 1884 Dio,
761 1851 886 1884 xum,
902 1851 940 1886 p.
963 1840 1035 1884 237
1066 1854 1073 1874 :
1103 1839 1143 1878 Eu
1173 1852 1212 1892 τῇ
1234 1845 1410 1892 ἀπιδτμίᾳ
1434 1853 1474 1893 τῇ
1500 1854 1555 1882 τοῦ

137 1904 308 1951 Καίσαρος
327 1906 354 1939 οἱ
370 1908 566 1951 Halia-eiust
580 1907 693 1940 πάντα
713 1906 755 1939 τὰ
777 1908 805 1939 ἐν
834 1912 879 1950 τῷ
896 1908 989 1940 ἄστει
1010 1909 1197 1952 πράγματα.
1219 1910 1304 1953 μετὰ
1325 1914 1380 1942 τοῦ
1407 1907 1554 1944 Λεπίδου

137 1967 379 2014 ἱππαρχοῦντος
401 1969 506 2013 ἔσχον.

192 2034 355 2071 Petenti.
378 2035 526 2082 Nempe
553 2034 592 2069 C.
621 2034 781 2070 Caninio
802 2034 958 2079 Rebilo,
983 2035 1069 2082 qui,
1099 2048 1145 2070 ex
1175 2036 1288 2071 Trcb.
1318 2037 1410 2072 Poll.
1452 2051 1553 2084 Vin,

137 2094 178 2130 in
203 2107 269 2131 sex
291 2096 406 2132 horas
427 2097 677 2132 Consulatum
700 2096 863 2143 suscepit
888 2109 895 2131 t
918 2098 1077 2132 «consul
1102 2097 1184 2143 illc,
1205 2099 1272 2145 qui
1291 2111 1354 2133 sex
1380 2099 1553 2146 pomeri-

139 2157 260 2193 dianis
279 2157 385 2194 horis
405 2160 644 2194 consulatum
665 2159 846 2194 suffectus
864 2159 1010 2193 habuit.
1031 2178 1043 2190 υ
1067 2159 1180 2194 I'ndc
1204 2161 1314 2206 jocus
1327 2161 1386 2196 illc
1410 2161 1485 2198 Cic.
1503 2162 1555 2197 ad

143 2221 276 2264 Fam.,
297 2233 378 2266 vn,
400 2221 449 2257 30
471 2235 478 2256 :
501 2221 691 2257 «Caninio
712 2222 994 2265 consulc‚scit0
1014 2222 1202 2257 nominem
1226 2224 1433 2270 prandisse.
1452 2225 1553 2260 Nihil

141 2289 267 2318 tamen
294 2295 340 2318 eo
361 2284 516 2319 consule
542 2284 630 2319 mali
652 2284 792 2319 factum
815 2290 867 2318 est
897 2297 905 2318 ε
936 2284 1006 2318 suit
1030 2285 1129 2319 onim
1152 2285 1310 2322 mirifica
1338 2287 1553 2334 vigilantia,

141 2344 208 2392 qui
228 2357 298 2380 suo
325 2351 408 2381 toto
432 2347 631 2381 consulatu
655 2359 829 2381 somnum
851 2359 929 2381 non
956 2346 1105 2382 viderit.
1133 2365 1147 2379 ›‚

197 2409 243 2442 In
268 2409 400 2455 plures
433 2421 565 2443 (ιηηος.
594 2410 638 2444 In
669 2409 1000 2456 quinquennium3
1022 2411 1207 2457 Appiam,
1238 2412 1283 2445 B.
1315 2412 1351 2446 ('.
1381 2425 1391 2445 .·
1417 2418 1469 2455 Εἰς
1491 2419 1550 2463 72?

142 2475 319 2513 πινταετὲς
338 2475 393 2508 καὶ
419 2476 462 2509 τὰ
489 2476 612 2509 ἀστικὰ
637 2479 712 2522 ’ἡμῖν
743 2477 785 2510 τὰ
811 2478 946 2516 tricia,
976 2478 1031 2510 mii
1058 2479 1116 2517 τὰς
1152 2484 1213 2512 τῶν
1245 2481 1339 2512 ἐθνῶν
1364 2482 1382 2517 ἦ
1417 2493 1554 2524 στρατι-

146 2533 255 2570 πὲδων
277 2538 452 2582 ἡγεμονίαις
466 2523 654 2577 &taediata

202 2601 422 2637 Consularc'a
449 2612 682 2639 ornamenta.
724 2604 809 2638 Scil.
840 2605 963 2640 sellam
993 2606 1183 2652 curulem,
1212 2607 1327 2641 fasces
1359 2613 1395 2641 ct
1423 2614 1549 2654 togam

144 2672 374 2712 praetextam.
