1971 3342
420 260 432 282 1
441 247 489 283 60
945 252 984 286 C.
1014 250 1243 286 SUETONII

414 331 496 375 nisi
522 348 573 376 ex
598 340 693 376 tuto
715 348 913 378 ausurus.
945 333 1029 378 Sed
1053 343 1102 395 *et
1123 332 1475 395 tempestatibus,
1510 342 1553 376 et
1581 334 1779 394 ingrave-

413 421 558 455 scente
579 413 621 455 vi
636 412 777 456 morbi
797 422 1014 469 retentus,
1038 411 1185 474 paullo
1199 422 1297 473 post
1312 411 1420 456 obiit
1436 412 1480 456 in
1501 410 1604 456 villa
1619 413 1781 457 Lucul-

413 490 535 547 lana,
561 502 715 536 octavo
740 502 783 536 et
815 493 1132 554 septuagesimo
1158 493 1295 536 aetatis
1323 508 1462 549 anno,
1493 493 1621 536 tertio
1646 503 1694 536 vet
1716 493 1781 536 vi—

414 572 576 615 cesimo
610 570 803 633 imperii,
836 572 1022 633 septimo
1058 571 1229 616 decimo
1262 570 1467 616 kalendas
1495 570 1666 633 aprilis,
1699 574 1780 617 Cn.

412 653 652 695 Acerronio
666 650 872 708 Proculo,
889 654 937 697 C.
964 653 1122 696 Pontio
1136 652 1347 713 Nigrino,
1364 651 1630 696 consulibus.
1649 654 1781 707 Sunt,

412 732 488 791 qui
507 742 681 791 putent,
710 749 929 776 venenum
953 733 992 776 ei
1015 748 1039 774 a
1062 733 1168 777 Caio
1194 731 1345 775 datum
1370 730 1537 775 lentum
1563 741 1694 792 atque
1721 743 1782 776 ta-

412 812 604 856 bificum.
631 812 740 869 Alii,
765 813 810 856 in
842 812 1096 856 remissione
1124 811 1313 857 fortuitae
1342 812 1473 856 febris
1497 813 1644 856 cibum
1670 812 1782 856 desi-

415 892 583 936 deranti
611 903 817 954 negatum
840 910 850 937 z
878 891 1101 949 nonnulli,
1127 891 1357 953 pulvinum
1381 893 1614 952 injectum,
1645 910 1780 953 quum

413 982 653 1016 extractum
674 973 754 1016 sibi
778 972 996 1016 deficienti
1021 971 1203 1015 anulum
1230 988 1333 1016 mox
1361 973 1615 1032 resipiscens
1638 973 1782 1032 requi-

413 1054 547 1097 sisset.
579 1055 740 1097 Seneca
770 1069 869 1096 eum
899 1052 1074 1107 scribit,
1102 1050 1323 1095 intellecta
1350 1051 1610 1109 defectione,
1639 1069 1782 1095 exeni-

412 1142 506 1176 tum
519 1131 719 1189 anulum,
736 1133 859 1192 quasi
875 1131 1006 1175 alicui
1021 1130 1302 1186 traditurum,
1319 1146 1556 1191 parumper
1570 1132 1781 1174 tenuisse:

413 1212 514 1256 dein
535 1229 686 1256 rursus
711 1221 879 1274 aptasse
906 1211 1061 1272 digito,
1082 1220 1144 1267 et,
1169 1225 1415 1270 compressa
1436 1210 1610 1254 sinistra
1627 1227 1784 1267 manu,

408 1293 593 1353 jacuisse
612 1292 687 1336 diu
714 1290 983 1336 immobilem
1001 1309 1009 1335 :
1027 1290 1172 1334 subito
1192 1291 1356 1334 vocatis
1380 1290 1608 1348 ministris,
1634 1307 1684 1334 ac
1710 1309 1784 1335 ne-

414 1373 529 1417 mine
556 1372 866 1433 respondente,
896 1371 1240 1427 consurrexisse,
1266 1386 1344 1414 nee
1369 1368 1522 1431 procul
1549 1386 1573 1414 a
1597 1369 1786 1428 lectulo,

415 1451 715 1496 deficientibus
740 1452 927 1508 viribus,
951 1450 1202 1496 concidisse.

476 1534 681 1576 LXXIV.
717 1533 930 1594 Supremo
954 1530 1087 1575 natali
1116 1548 1195 1575 suo
1220 1528 1468 1592 Apollinem
1492 1531 1786 1589 Temenitem,

414 1621 455 1655 et
479 1610 779 1672 amplitudinis
807 1621 851 1656 et
874 1611 978 1656 artis
1001 1612 1188 1667 eximiae,
1212 1610 1442 1654 advectum
1467 1611 1711 1671 Syracusis,
1738 1622 1789 1655 ut

416 1693 459 1735 in
487 1690 752 1735 bibliotheca
780 1690 933 1752 templi
957 1692 1059 1735 novi
1088 1699 1346 1751 poneretur,
1371 1689 1541 1734 viderat
1565 1707 1645 1752 per
1669 1691 1792 1751 quie-

414 1780 501 1815 tem
530 1770 823 1815 affirmantem
852 1771 955 1828 sibi,
978 1790 999 1811 (ε
1014 1772 1114 1814 Non
1137 1786 1260 1832 posse
1281 1785 1325 1813 se
1351 1768 1405 1812 ab
1431 1769 1525 1830 ipso
1550 1769 1790 1813 dedicari.»

414 1854 469 1896 Et
500 1861 600 1895 ante
629 1867 815 1913 paucos,
846 1867 978 1911 quam
1010 1850 1182 1908 obiret,
1214 1851 1303 1895 dies
1335 1850 1471 1895 turris
1504 1849 1635 1894 Phari
1666 1859 1790 1893 terrae

414 1941 537 1975 motu
565 1932 743 1992 Capreis
769 1930 974 1975 concidit.
1006 1933 1071 1975 Ac
1094 1931 1253 1974 Miseni
1278 1931 1386 1974 cinis
1410 1946 1433 1973 e
1456 1928 1603 1973 favilla
1628 1938 1670 1971 et
1693 1945 1789 1972 car-

412 2011 624 2066 bonibus,
656 2011 711 2055 ad
745 2010 1062 2055 calfaciendum
1099 2008 1337 2053 triclinium
1368 2008 1517 2065 illatis,
1549 2008 1789 2051 exstinctus

413 2101 456 2134 et
474 2092 564 2151 jam
588 2091 663 2134 diu
688 2090 872 2151 frigidus
892 2090 1050 2132 exarsit
1070 2098 1248 2149 repente
1273 2089 1414 2148 prima
1432 2104 1634 2149 vespera,
1660 2097 1792 2148 atque

413 2170 457 2213 in
486 2169 669 2213 multam
690 2178 863 2213 noctem
890 2169 1170 2229 pertinaciter
1195 2167 1320 2211 luxit.

477 2251 660 2293 LXXV.
687 2251 832 2292 Morte
857 2249 950 2309 ejus
972 2249 1031 2291 ita
1054 2247 1222 2292 laetatus
1246 2257 1310 2291 est
1329 2247 1541 2308 populuS,
1565 2256 1613 2291 ut
1632 2246 1687 2290 ad
1707 2247 1791 2307 pri-

413 2346 535 2373 mum
565 2330 777 2372 nuncium
806 2329 1121 2384 discurrentes,
1149 2344 1273 2387 pars,
1306 2328 1567 2371 «Tiberium
1594 2328 1640 2370 in
1665 2326 1790 2370 Tibe-

410 2410 517 2465 rim,
532 2427 552 2450 »
580 2408 878 2463 clamitarcnt3
903 2425 1004 2469 pars
1029 2428 1049 2448 «
1062 2410 1244 2450 Terram
1268 2417 1453 2450 matrem
1477 2406 1668 2466 deosque
1692 2406 1789 2449 Ma-

411 2505 486 2532 nes
514 2498 707 2544 orarent,
732 2505 787 2531 ne
809 2498 986 2531 mortuo
1012 2486 1155 2529 sedem
1185 2486 1341 2543 ullam,
1365 2487 1447 2529 nisi
1471 2487 1585 2529 inter
1611 2485 1786 2544 impiOS,

412 2568 590 2611 darent:
609 2588 629 2608 »
655 2566 728 2611 alii
758 2584 920 2611 uncum
945 2577 988 2610 et
1017 2567 1252 2610 Gemonias
1276 2566 1475 2609 cadaveri
1498 2566 1784 2619 minarentur,

412 2648 654 2690 exacerbati
683 2664 815 2706 super
850 2647 1104 2690 memoriam
1135 2646 1326 2705 pristimo
1355 2643 1623 2688 crudelitatis
1655 2643 1785 2686 etiam
