1971 3342
457 259 478 291 Γ)
980 261 1017 295 C.
1048 262 1237 296 SUETON
1243 262 1278 296 11

455 340 645 400 undique
678 340 839 383 familia
872 353 1121 402 comparata
1155 344 1353 387 inimicos
1391 345 1692 399 exterruisset,
1724 362 1821 389 cau-

453 429 546 464 tum
574 430 638 464 est
663 420 715 464 de
744 437 926 464 numero
951 420 1268 482 gladiatorum,
1299 440 1386 483 quo
1415 441 1469 467 ne
1497 424 1706 484 majorem
1734 425 1821 467 cui-

453 516 580 560 quam
605 499 763 543 habere
788 503 936 544 Romae
960 500 1121 545 liceret.

516 582 592 623 XI.
630 579 870 623 Conciliato
912 580 1062 642 populi
1099 582 1271 639 favore,
1313 585 1498 627 tentavit
1538 600 1615 643 per
1653 592 1821 642 partem

451 660 749 714 tribunorum,
779 669 827 703 ut
852 661 932 703 sibi
956 662 1167 722 AEgyptus
1198 663 1420 722 provincia
1446 662 1672 724 plebiscito
1703 660 1822 705 dare-

451 747 547 794 tur,
589 749 742 782 nactus
783 739 1115 783 extraordinarii
1158 742 1326 801 imperii
1368 743 1638 786 occasionem
1654 775 1666 798 ,
1705 740 1822 800 quod

449 817 728 862 Alexandrini
761 835 907 879 regem
941 835 1094 875 suum,
1126 821 1289 863 socium
1322 830 1451 881 atque
1481 821 1668 864 amicum
1702 836 1725 863 a
1761 836 1824 862 se-

449 908 554 941 natu
582 896 847 957 appellatum
864 932 875 954 ,
902 897 1184 959 expulerant,
1213 916 1365 960 resque
1394 899 1526 961 vulgo
1551 899 1823 960 improbaba-

450 987 535 1020 tur.
556 979 649 1022 Nec
668 977 876 1033 obtinuit,
902 978 1155 1022 adversante
1177 980 1452 1039 optimatium
1476 979 1661 1022 factione
1686 995 1696 1022 z
1717 995 1823 1038 quo-

450 1073 546 1099 rum
572 1058 874 1103 auctoritatem
897 1067 945 1101 ut
967 1058 1124 1118 quibus
1148 1069 1290 1119 posset
1316 1060 1454 1103 modis
1481 1060 1663 1102 invicem
1688 1058 1822 1101 demi-

449 1145 628 1192 nueret,
659 1145 819 1197 tropaea
849 1139 897 1181 C.
933 1140 1064 1182 Marii
1099 1139 1151 1182 de
1183 1140 1425 1201 Jugurtha,
1461 1139 1599 1198 deque
1635 1139 1823 1183 Cimbris

449 1224 577 1275 atque
599 1217 828 1273 Teutonis,
855 1216 959 1261 olim
984 1235 1007 1261 a
1033 1218 1153 1262 Sulla
1179 1220 1374 1279 disjecta,
1399 1220 1605 1274 restituit3
1629 1228 1758 1278 atque
1778 1219 1822 1261 in

449 1296 687 1340 exercenda
712 1296 764 1339 de
795 1297 957 1340 sicariis
982 1300 1243 1357 quaestione,
1269 1315 1340 1341 eos
1368 1315 1542 1357 quoque
1567 1299 1822 1341 sicariorum

448 1390 630 1417 numero
670 1375 849 1432 habuit,
888 1377 962 1435 qui
1004 1377 1347 1438 proscriptione,
1385 1378 1439 1421 ob
1484 1376 1619 1421 relata
1660 1378 1821 1420 civium

449 1469 730 1498 romanorum
770 1456 934 1516 capita,
984 1457 1188 1516 pecunias
1233 1474 1283 1500 ex
1333 1458 1484 1500 aerario
1535 1467 1820 1517 acceperant,

449 1548 712 1593 quamquam
738 1545 936 1595 exceptos
961 1535 1177 1580 Corneliis
1201 1536 1380 1597 legibus.

514 1615 611 1656 XII.
650 1614 916 1657 Subornavit
947 1616 1075 1658 etiam
1108 1617 1182 1675 qui
1216 1619 1264 1661 C.
1297 1616 1477 1660 Rabirio
1510 1614 1820 1676 perduellionis

451 1692 563 1737 diem
589 1692 750 1737 diceret
775 1711 783 1736 :
812 1711 898 1754 quo
927 1696 1147 1755 praecipuo
1177 1695 1398 1755 adjutore,
1427 1695 1593 1755 aliquot
1619 1705 1718 1738 ante
1749 1712 1821 1738 an-

450 1789 527 1816 nos
547 1774 597 1816 L.
622 1775 843 1817 Saturnini
865 1774 1119 1818 seditiosum
1139 1776 1408 1818 tribunatum
1434 1784 1602 1819 senatus
1620 1791 1820 1818 coercue-

450 1862 518 1895 rat
548 1869 557 1895 :
593 1869 641 1896 ac
670 1863 784 1897 sorte
807 1854 941 1913 judex
975 1855 1017 1897 in
1044 1870 1165 1897 reum
1202 1855 1384 1909 ductus,
1415 1864 1502 1897 tam
1535 1853 1691 1915 cupide
1716 1870 1819 1896 con-

449 1932 693 1988 demnavit,
733 1943 782 1976 ut
819 1932 873 1976 ad
912 1934 1124 1994 populum
1164 1934 1419 1994 provocanti
1466 1933 1573 1977 nihil
1615 1949 1735 1992 aeque
1772 1949 1819 1975 ac

444 2011 600 2071 judicis
626 2013 836 2056 acerbitas
861 2013 1088 2073 profuerit.

511 2092 629 2133 XIII.
668 2092 873 2151 Deposita
900 2093 1132 2151 provinciae
1150 2109 1244 2152 spe,
1264 2092 1564 2152 pontificatum
1584 2092 1818 2134 maximum

449 2171 591 2229 petiit,
616 2187 703 2213 non
725 2171 816 2213 sine
839 2171 1137 2231 profusissima
1162 2171 1406 2232 largitione.
1432 2174 1482 2214 In
1507 2188 1590 2231 qua
1616 2180 1819 2231 reputans

448 2249 792 2308 magnitudinem
806 2251 900 2294 aeris
914 2250 1064 2307 alieni,
1080 2268 1214 2310 quum
1233 2268 1356 2295 manc
1377 2250 1431 2294 ad
1451 2251 1627 2294 comitia
1647 2250 1818 2293 descen-

448 2327 591 2380 deret,
615 2329 860 2387 praedixisse
885 2331 1014 2374 matri
1041 2330 1253 2374 osculanti
1280 2331 1442 2387 fertur,
1469 2330 1646 2374 domum
1670 2346 1713 2373 se
1737 2329 1817 2372 nisi

448 2407 690 2465 pontificem
711 2425 797 2452 non
821 2425 1108 2453 reversurum.
1129 2412 1271 2469 Atque
1292 2411 1350 2454 ita
1371 2409 1691 2469 potentissimos
1711 2408 1816 2450 duos

446 2487 775 2545 competitores,
809 2488 1081 2547 multumque
1109 2498 1151 2532 et
1177 2497 1299 2531 aetate
1331 2499 1373 2531 et
1406 2488 1615 2549 dignitate
1645 2497 1813 2530 antece-

447 2563 617 2618 dentes,
643 2569 885 2625 superavit,
911 2578 959 2610 ut
988 2567 1113 2628 plura
1139 2570 1229 2627 ipse
1260 2569 1302 2610 in
1331 2586 1481 2612 eorum
1510 2567 1706 2612 tribubus
1730 2567 1813 2610 suf-

448 2641 599 2699 fragia,
623 2661 751 2703 quam
778 2647 959 2706 uterque
985 2649 1026 2691 in
1049 2649 1271 2703 omnibus,
1298 2647 1461 2691 tulerit.
