1988 3407
574 238 624 272 IN
655 237 905 272 TIBERIUM
938 236 1202 272 NERONEM.
1519 239 1592 275 223

245 316 491 353 Mercedibus.
522 317 669 364 Nempe
699 315 854 351 scenicis
884 314 1169 351 donationibus.
1200 315 1267 349 (tf.
1308 317 1465 359 'hei-r„
1507 321 1590 353 An—

189 382 265 415 nal.
281 407 294 424 ‚
321 392 334 415 1
348 410 356 425 ‚
381 392 439 426 77.

241 442 461 476 Ianuarias.
486 442 579 487 Quae
599 446 706 476 erant
726 438 937 488 legitimum
965 445 1177 474 strenarum
1203 445 1363 487 tempus.
1384 439 1482 477 Vide
1509 455 1592 489 sup.

190 508 285 553 Aug.
302 532 313 548 ,
336 517 436 540 nvn.

246 576 333 611 Cap.
355 575 522 611 XXXV.
547 574 729 610 Gratiam.
751 574 798 609 H.
822 585 852 608 e.
872 571 1127 620 jurejurando
1146 584 1226 608 non
1240 571 1360 608 teneri
1376 572 1594 610 declaravit.

187 637 380 684 Principes
401 636 499 672 enim
516 635 578 683 jus
599 635 694 671 illud
719 635 897 670 habuisse
923 634 1038 670 docet
1065 634 1195 682 Cujac.
1222 634 1272 670 ad
1294 633 1435 671 Novell.
1458 633 1518 671 51.

242 699 396 747 Legum.
419 698 505 734 Scil.
527 699 549 734 J
553 697 717 734 uliarum
742 698 791 733 cle
815 697 1033 733 Adulteriis.

246 762 399 797 Poenas.
420 760 761 808 Deportationem,
789 759 867 795 sive
893 759 1080 795 exsilium.
1102 758 1198 795 Vide
1218 772 1302 808 sup.
1327 760 1423 808 Aug.
1441 787 1451 803 ‚
1474 773 1509 795 v.

241 823 421 867 Profiteri.
446 823 585 868 Tacit.‚
609 824 748 859 Ameal.
764 849 774 866 ,
798 835 830 858 11
845 851 855 868 ‚
877 821 925 858 85
948 835 956 857 ε
987 839 1002 854 α
1021 821 1164 858 Eodem
1188 834 1289 857 anno
1316 819 1378 872 (A.
1403 823 1449 858 U.
1479 821 1571 872 772)
1586 851 1595 867 ‚

187 885 365 934 gravibus
385 892 537 921 senatus
558 885 720 921 decretis
741 885 863 921 libido
884 885 1113 921 feminarum
1139 884 1326 930 coercita,
1346 892 1596 933 cautumque,

186 959 233 984 ne
261 954 445 996 quaestum
475 959 640 995 corpore
666 947 827 992 faceret,
860 946 922 983 cui
951 959 1064 992 avus,
1097 953 1163 982 aut
1187 953 1310 995 pater,
1347 953 1413 982 aut
1440 947 1597 982 maritus

186 1022 302 1058 eques
327 1022 507 1046 romanus
526 1009 657 1046 fuisset
683 1023 692 1045 :
714 1022 802 1045 nam
821 1009 987 1055 Vistilia,
1012 1008 1193 1058 praetoria
1212 1008 1353 1045 familia
1376 1009 1523 1058 genita,
1548 1010 1596 1044 li—

187 1072 350 1108 centiam
381 1072 504 1121 stupri
534 1072 640 1120 apud
667 1072 794 1108 aediles
824 1073 1067 1122 vulgaverat3
1088 1085 1195 1107 more
1224 1072 1324 1108 inter
1348 1078 1495 1107 veteres
1530 1085 1595 1107 re-

186 1127 321 1183 cepto,
342 1135 409 1184 qui
424 1135 512 1172 satis
525 1148 727 1184 poenarum
746 1135 949 1171 adversum
969 1134 1181 1183 impudicas
1201 1135 1240 1170 in
1259 1134 1340 1182 ipsa
1360 1133 1596 1182 professione

187 1195 321 1246 flagitii
341 1198 559 1234 credebant.
580 1214 596 1231 »ι

246 1269 443 1317 Utriusque
461 1269 617 1304 ordinae.
638 1269 785 1316 Nempe
804 1268 985 1304 senatorii
1008 1267 1154 1303 ordinis
1175 1268 1211 1303 et
1236 1267 1434 1314 equestris.

246 1330 434 1366 subibant.
456 1331 571 1366 Suam
603 1330 705 1367 enim
729 1330 953 1379 dignitatem
975 1330 1147 1366 amittere
1179 1330 1420 1368 condemnati
1450 1331 1591 1366 malue-

190 1398 300 1438 runt,
329 1405 445 1442 quam
465 1406 584 1429 scenae
609 1399 674 1429 aut
695 1405 818 1428 arenae
838 1405 995 1441 operam
1021 1405 1101 1428 non
1124 1391 1246 1428 edere.

244 1464 404 1499 Ademit.
426 1465 474 1501 H.
495 1476 527 1500 e.
549 1470 684 1500 senatu
702 1463 834 1499 movit.

244 1526 335 1561 Post
353 1527 464 1562 diem.
486 1525 573 1562 Scil.
595 1525 777 1561 kalendas
806 1524 912 1572 julii,
933 1525 1189 1562 locationibus
1218 1532 1255 1562 ct
1274 1525 1598 1562 conductionibus

187 1588 466 1624 habitationum
496 1589 731 1625 constitutas.
754 1589 888 1633 Quum
915 1594 1041 1623 autem
1064 1589 1135 1625 sub
1159 1589 1255 1624 illud
1288 1596 1437 1636 tempus
1461 1600 1597 1637 mabna

185 1663 273 1699 pars
299 1651 459 1688 civitatis
478 1651 518 1687 in
542 1651 650 1688 villas
669 1657 707 1688 et
727 1651 950 1688 suburbana
971 1652 1055 1687 loca
1074 1652 1273 1702 migraret,
1296 1651 1434 1687 domus
1460 1651 1597 1687 exinde

185 1712 296 1749 vilius
315 1714 432 1750 locari
452 1715 636 1751 solebant.

240 1785 328 1821 Cu.
350 1787 538 1822 XXXVI.
574 1786 786 1835 AEgyptios.
823 1787 1001 1834 Joseph.,
1031 1788 1117 1821 Ant.
1149 1787 1260 1829 sud„
1294 1799 1420 1831 xV111‚
1449 1792 1469 1830 4
1497 1800 1505 1821 :
1534 1796 1597 1830 Τῆς

187 1844 294 1890 Ῐσιὸος
311 1853 364 1885 τὸν
393 1854 470 1886 ναὸν
501 1855 666 1894 καθεῖλεν,
687 1853 743 1886 καὶ
763 1854 800 1886 τὸ
822 1854 962 1898 ἄγαλμα.
987 1853 1028 1891 εἷς
1056 1854 1107 1886 τὸν
1129 1852 1246 1898 Τύὶἷριν
1266 1855 1416 1899 ποταμὸν
1450 1855 1595 1887 ἐκέλευσε

188 1912 341 1958 ἐμὲαλεῖν
365 1912 529 1960 Τι’ἕέριος,
551 1915 642 1960 ἱερεῖς
660 1929 695 1948 τε
718 1915 975 1960 ἀνεσταύρωσεν.

243 1979 490 2028 Compescuit.
512 1983 557 2016 A.
578 1980 625 2016 U.
652 1992 739 2026 772.
760 1980 901 2025 Tacit.‚
923 1982 1063 2015 Annal.
1081 2007 1092 2023 ,
1116 1993 1145 2015 11
1160 2009 1169 2025 ‚
1191 1980 1239 2017 85
1262 1994 1269 2015 ε
1292 1996 1306 2012 α
1332 1982 1468 2016 Actum
1491 1987 1525 2015 et
1549 1980 1596 2015 (le

187 2041 300 2079 sacris
328 2041 500 2090 aegyptiis
527 2041 769 2089 judaicisque
799 2041 1010 2090 pellendis;
1050 2042 1272 2091 factumque
1308 2050 1459 2090 patrum
1498 2056 1594 2077 con-

188 2104 350 2149 sultum,
379 2111 421 2139 ut
450 2111 619 2152 quatuor
648 2104 765 2141 millia
784 2104 954 2140 libertini
974 2105 1142 2153 generis,
1171 2118 1213 2140 ea
1244 2106 1513 2153 superstitione
1536 2105 1596 2139 in-

189 2165 306 2211 secta,
331 2169 416 2214 quis
440 2166 579 2202 idonea
605 2174 712 2212 aetas,
734 2167 773 2202 in
793 2167 954 2203 insulam
974 2167 1187 2203 Sardiniam
1216 2167 1486 2203 veherentur.»

244 2229 489 2264 Sacramenti.
513 2230 559 2265 H.
582 2242 613 2265 e.
635 2230 810 2279 legitimae
828 2230 969 2266 militiae
994 2237 1192 2278 praetextu.

242 2301 432 2335 vaion'r
452 2303 549 2336 coelc'.
566 2301 652 2337 Scil.
668 2302 706 2337 in
727 2302 962 2346 Sardiniam3
977 2302 1097 2338 Tacit.
1111 2331 1120 2347 ,
1142 2304 1163 2338 l.
1190 2315 1219 2337 c.
1247 2315 1254 2336 :
1277 2318 1290 2332 α
1307 2303 1353 2337 Et
1373 2302 1403 2337 si
1425 2303 1475 2338 ob
1502 2315 1593 2351 gra-

188 2363 340 2399 vitatem
362 2364 446 2399 coeli
467 2363 700 2409 interissent,
727 2364 799 2400 vile
821 2365 1044 2400 damnum.»

242 2425 550 2463 Mathematicos.
574 2428 619 2462 A.
641 2428 687 2463 U.
712 2428 800 2475 769.
823 2428 943 2465 Tacit.
973 2428 1034 2463 ub.
1065 2440 1170 2475 sup.‚
1199 2427 1246 2462 39„
1279 2442 1286 2463 :
1316 2445 1328 2458 ἰ
1346 2430 1456 2464 Facta
1486 2435 1521 2463 et
1546 2427 1593 2462 de

186 2488 458 2525 mathematicis
477 2489 672 2539 magisque
697 2491 804 2527 Italia
823 2491 1009 2539 pellendis
1032 2497 1184 2526 senatus
1204 2492 1388 2526 consulta.
1406 2507 1419 2521 »ι

239 2559 328 2594 Cn.
352 2559 557 2595 XXXVII.
583 2560 873 2597 Continerentur.
897 2565 938 2598 A.
964 2564 1009 2598 U.
1033 2562 1121 2608 776.
1140 2562 1259 2597 Tacit.
1275 2591 1284 2607 ‚
1314 2563 1411 2596 Αηη.
1427 2588 1439 2604 ,
1461 2573 1513 2606 iv,
1537 2573 1556 2594 9,
1581 2575 1588 2595 :

186 2636 200 2651 οι
217 2619 304 2655 Vim
324 2620 574 2668 praesecturae,
595 2622 783 2658 modicam
801 2631 930 2669 antea,
955 2624 1137 2669 intendit,
1158 2623 1346 2670 dispersas
1363 2635 1432 2670 per
1445 2623 1590 2658 Urbem

186 2682 361 2718 cohortes
382 2695 456 2719 una
500 2683 536 2719 in
576 2691 696 2720 castra
729 2685 1011 2730 conducendo;
1042 2694 1083 2722 ut
1105 2686 1212 2722 simul
1253 2685 1413 2733 imperia
1440 2685 1590 2731 accipe—
