1971 3342
468 257 512 278 ao
983 245 1018 279 (ἶ.
1051 245 1275 279 SUETONII

466 343 616 386 genere
656 328 841 370 hostium
880 329 1136 386 contigisset.
1174 328 1339 370 Dehine
1387 329 1627 387 Scipionem
1662 344 1709 370 ae
1743 331 1817 371 ,ΙΗ-

466 406 587 462 bam,
624 406 821 466 reliquias
858 408 1046 467 partium
1081 408 1123 449 in
1158 406 1299 450 Africa
1332 407 1597 463 refoventes,
1628 405 1781 450 devicit
1809 425 1816 449 :

466 487 656 546 Pompeii
682 486 836 530 liberos
865 487 907 529 in
936 487 1151 546 Hispania.

527 568 732 609 XXXVI.
777 566 988 609 Omnibus
1030 565 1223 609 civilibus
1266 566 1382 609 bellis
1426 566 1587 609 nullam
1628 566 1818 622 cladem,

468 645 547 686 nisi
578 660 651 703 per
684 644 842 703 legatos
873 661 998 697 suos,
1024 661 1171 704 passus
1201 655 1261 687 est
1291 662 1299 687 z
1328 662 1512 704 quorum
1541 647 1588 689 C.
1617 646 1750 689 Curio
1778 647 1820 688 in

468 721 611 766 Africa
637 723 785 781 periit3
813 724 859 766 C.
889 724 1099 765 Antonius
1133 724 1173 765 in
1206 723 1383 782 Illyrico.
1407 724 1448 765 in
1478 723 1820 767 adversariorum

469 800 638 843 devenit
662 810 935 860 potestatem3
963 804 1007 843 P.
1036 801 1258 845 Dolabella
1281 801 1455 844 classem
1482 803 1522 843 in
1546 802 1695 845 eodem
1719 801 1819 861 Illy-

468 880 581 934 rico,
609 881 687 924 Cn.
717 881 932 923 Domitius
959 879 1161 923 Calvinus
1189 882 1228 922 in
1262 883 1400 923 Ponto
1432 881 1689 936 exercitum,
1716 882 1821 923 arni·-

469 968 628 1001 serunt.
656 960 751 1018 Ipse
777 960 1062 1018 prosperrime
1089 976 1272 1019 semper,
1298 976 1346 1001 ac
1372 976 1423 1002 ne
1448 960 1623 1018 ancipiti
1650 959 1822 1018 quidem

468 1053 657 1095 unquam
685 1036 879 1092 fortuna,
909 1047 1188 1097 praeterquam
1217 1039 1303 1092 bis,
1331 1038 1549 1080 dimicavit
1578 1055 1586 1080 ε
1615 1037 1739 1080 semel
1769 1037 1822 1079 ad

468 1115 811 1172 Dyrrl1aehium3
837 1116 907 1158 ubi
933 1115 1106 1174 pulsus,
1132 1133 1217 1158 non
1244 1117 1426 1158 instante
1448 1116 1675 1174 Pompeio,
1699 1131 1825 1174 nega-

468 1193 529 1234 vit
555 1209 653 1235 eum
683 1193 849 1235 vincere
877 1194 984 1235 scire
1011 1210 1018 1235 :
1049 1194 1204 1235 iterum
1235 1194 1275 1235 in
1302 1193 1508 1252 Hispania
1535 1192 1686 1236 ultimo
1711 1210 1822 1252 proe-

470 1270 548 1326 lio,
576 1288 709 1330 quum
735 1270 968 1330 desperatis
1003 1271 1129 1315 rebus
1159 1271 1287 1313 etiam
1319 1270 1370 1313 de
1395 1271 1692 1315 consciscenda
1724 1288 1825 1314 nece

470 1350 687 1409 cogitavit.

533 1430 755 1471 XXXVII.
798 1429 1011 1472 Confectis
1056 1429 1202 1484 bellis,
1247 1431 1473 1490 quinquies
1517 1430 1825 1491 triumphavit3

471 1516 568 1566 post
612 1505 827 1549 devictum
869 1508 1112 1567 Scipionem
1153 1518 1305 1568 quater
1349 1508 1499 1551 eodem
1545 1525 1714 1562 mense,
1755 1508 1827 1551 sed

473 1584 705 1644 interjectis
728 1585 876 1629 diebus
903 1603 912 1628 z
936 1596 977 1628 et
999 1603 1145 1629 rursus
1167 1586 1319 1643 semel,
1342 1597 1436 1647 post
1460 1598 1680 1647 superatos
1702 1590 1827 1630 Pom-

475 1664 557 1722 peii
598 1662 765 1707 liberos.
806 1665 998 1707 Primum
1038 1675 1079 1709 et
1118 1665 1516 1709 excellentissimum
1558 1667 1826 1726 triumphum

472 1743 558 1801 egit
589 1741 829 1798 Gallicum,
860 1753 1107 1802 sequentem
1137 1743 1498 1800 Alexandrinum,
1531 1744 1683 1787 deinde
1714 1747 1827 1788 Pon-

476 1821 633 1875 ticum,
661 1821 761 1864 huic
788 1823 1033 1882 proximum
1065 1823 1342 1876 Africanum,
1370 1824 1649 1867 novissimum
1675 1824 1828 1882 Hispa-

475 1900 688 1955 niensem,
731 1900 898 1944 diverso
939 1918 1153 1961 quemque
1194 1912 1404 1962 apparatu
1440 1913 1482 1945 et
1522 1904 1824 1945 instrumento.

474 1976 628 2020 Gallici
673 1978 881 2039 triumphi
924 1979 991 2022 die
1037 1979 1271 2024 Velabrum
1317 1981 1632 2040 praetervehens
1652 2015 1662 2035 ,
1711 1996 1829 2039 paene

474 2071 603 2097 curru
635 2072 838 2099 excussus
875 2067 961 2112 est,
988 2074 1064 2100 axe
1091 2057 1289 2101 diffracto
1317 2076 1325 2100 ε
1350 2058 1627 2118 ascenditque
1652 2060 1829 2119 Capito-

476 2134 579 2175 lium
618 2133 668 2177 ad
708 2134 895 2188 lumina,
931 2135 1216 2196 quadraginta
1254 2136 1488 2196 elephantis
1523 2138 1669 2180 dextra
1702 2147 1831 2197 atque

474 2211 645 2254 sinistra
671 2211 935 2271 lychnuchos
963 2215 1242 2274 gestantibus.
1266 2215 1447 2258 Pontico
1470 2216 1692 2275 triumpho
1719 2217 1827 2259 inter

476 2307 642 2350 pompae
666 2291 828 2335 fercula
852 2294 983 2335 trium
1010 2295 1237 2337 verborum
1264 2294 1453 2353 praetulit
1476 2295 1672 2350 titulum,
1693 2298 1830 2351 VEN1‚

474 2371 603 2424 Vim,
630 2372 730 2414 V1C1
759 2388 768 2414 ε
800 2389 885 2414 non
919 2382 1011 2415 acta
1042 2372 1139 2415 belli
1175 2373 1506 2433 significantem,
1537 2375 1646 2417 sicut
1679 2375 1829 2428 ceteri,

476 2449 546 2490 sed
572 2449 765 2493 celeriter
789 2451 971 2494 confecti
998 2462 1142 2495 notam

540 2530 786 2573 XXXVIII.
829 2532 1054 2574 Veteranis
1098 2529 1338 2589 legionibus
1382 2533 1532 2591 praedae
1573 2517 1745 2575 nomine
1789 2534 1829 2575 in

479 2605 636 2661 pedites
667 2609 855 2666 singulos
886 2625 1013 2667 super
1040 2609 1140 2650 bina
1173 2612 1388 2665 sestertia,
1422 2628 1516 2670 quae
1548 2612 1668 2654 initio
1697 2611 1828 2655 civilis
