1988 3439
831 254 1005 289 GALBA.
1602 268 1619 299 ζ·

225 364 241 382 υ
266 341 384 403 quod
416 358 548 385 nenio
574 340 786 384 rationem
808 339 885 382 otii
912 339 978 382 sui
1005 337 1186 382 reddere
1205 350 1488 401 cogeretur.»
1513 342 1620 385 Car-

227 424 404 484 thagine
428 439 541 467 nova
560 429 826 466 conventum
847 436 981 481 agens
997 454 1007 474 ‚
1029 418 1292 464 tumultuari
1317 420 1483 466 Gallias
1504 439 1622 466 com-

227 505 363 564 perit,
396 503 540 565 legato
572 502 817 562 Aquitaniae
853 499 1016 544 auxilia
1043 499 1320 562 implorante.
1351 503 1622 562 Supervene-

227 595 329 629 runt
353 595 395 629 et
421 583 623 630 Vindicis
649 581 830 637 litterae,
859 581 1102 639 hortantis,
1126 602 1147 623 «
1168 591 1216 626 ut
1244 582 1440 626 humano
1470 584 1616 644 generi

224 675 482 710 assertorem
508 663 754 724 ducemque
781 680 825 708 se
850 662 1218 708 accommodaret.
1240 683 1260 705 »
1288 665 1381 709 Nec
1410 663 1484 708 diu
1514 681 1621 709 cun-

224 757 364 791 ctatus
381 780 392 801 ,
415 744 713 790 conditionem
729 779 741 801 ,
766 744 926 806 partim
949 753 1068 788 metu
1083 778 1094 799 ,
1123 744 1287 805 partim
1313 761 1388 806 spe
1404 779 1415 801 ,
1442 746 1619 805 recepit.

227 829 336 872 Nam
363 837 404 872 et
440 825 645 871 mandata
677 826 867 872 Neronis
893 824 948 869 de
977 842 1081 870 nece
1112 842 1192 870 sua
1227 825 1281 869 ad
1311 835 1623 886 procuratores

223 907 334 953 elain
363 909 493 952 missa
524 906 901 969 deprelieiulerat3
928 917 972 950 et
999 906 1350 951 confirmabatur
1382 923 1520 967 quum
1558 924 1624 951 se-

222 989 503 1034 cundissimis
528 989 732 1050 auspiciis
757 997 799 1032 et
825 989 1072 1045 ominibus,
1101 998 1196 1032 tum
1224 989 1408 1049 virginis
1433 988 1625 1032 honestae

224 1071 540 1115 vaticinatione
556 1087 567 1126 3
586 1078 710 1114 tanto
729 1070 891 1130 magis,
913 1068 1032 1130 quod
1059 1069 1212 1113 eadem
1240 1068 1312 1113 illa
1335 1070 1532 1113 carmina
1555 1087 1624 1114 sa-

225 1152 378 1196 cerdos
396 1152 515 1196 Jovis
535 1150 707 1195 Cluniae
729 1167 778 1194 ex
800 1149 1039 1212 penetrali,
1068 1151 1242 1194 somnio
1264 1151 1480 1206 monitus,
1500 1167 1625 1195 eruc—

228 1243 318 1287 rat,
348 1243 450 1277 ante
471 1232 684 1276 ducentos
707 1248 848 1275 annos
873 1230 1074 1275 similiter
1100 1248 1124 1275 a
1150 1230 1325 1274 fatidica
1350 1230 1498 1292 puella
1523 1248 1625 1293 pro-

225 1316 444 1359 nunciata.
481 1315 688 1372 Quorum
730 1313 978 1357 carminum
1012 1312 1230 1356 sententia
1265 1321 1383 1367 erat,
1422 1332 1442 1351 α
1472 1313 1625 1357 Oritu-

224 1414 319 1441 rum
360 1395 629 1457 quandoque
667 1412 716 1438 ex
761 1394 972 1454 Hispania
1012 1393 1255 1454 principem
1301 1391 1624 1454 dominumque

224 1495 384 1522 rerum.
413 1497 431 1517 »

287 1561 341 1603 X.
374 1559 514 1620 Igitur
543 1575 679 1618 quum
720 1559 843 1618 quasi
876 1556 1210 1601 manumissioni
1246 1566 1480 1600 vacaturus
1515 1573 1622 1600 con-

225 1640 465 1685 scendisset
491 1639 712 1694 tribunal,
742 1639 980 1701 propositis
1007 1648 1109 1683 ante
1137 1655 1182 1682 se
1208 1637 1519 1682 damnatorum
1547 1655 1623 1683 oc-

224 1724 505 1782 cisorumque
531 1738 554 1764 a
578 1722 755 1765 Nerone
783 1737 914 1781 quani
944 1718 1145 1780 plurimis
1173 1720 1438 1781 imaginibus
1455 1755 1466 1776 ,
1492 1730 1533 1763 et
1557 1720 1626 1764 ad-

225 1812 366 1847 stante
389 1801 524 1846 nobili
549 1818 705 1863 puero,
731 1818 861 1862 quem
879 1799 1154 1844 exsulantem
1178 1818 1201 1844 e
1220 1802 1423 1862 proxima
1449 1800 1622 1845 Baleari

228 1883 366 1928 insula
397 1883 454 1926 ob
483 1882 523 1926 id
552 1883 693 1943 ipsum
720 1882 960 1936 acciverat,
983 1880 1228 1942 deploravit
1256 1892 1506 1943 temporum
1538 1893 1623 1926 sta-

227 1975 347 2016 tum,
373 1962 763 2022 consalutatusque
801 1964 1062 2022 imperator,
1098 1961 1336 2022 «legatum
1368 1979 1412 2005 se
1448 1973 1623 2007 senatus

227 2064 276 2090 ae
301 2044 455 2107 populi
482 2044 678 2100 romani,
695 2063 716 2083 >2
740 2044 958 2104 professus
989 2053 1066 2086 est.
1102 2044 1210 2086 Dein
1230 2043 1404 2103 justitio
1431 2042 1621 2097 indicto,

228 2147 249 2169 e
269 2126 396 2188 plebe
414 2125 590 2187 quidem
616 2125 851 2185 provinciae
874 2122 1067 2185 legiones
1092 2134 1134 2166 et
1160 2123 1321 2167 auxilia
1342 2126 1624 2185 conscripsit,

227 2225 358 2269 snper
381 2207 617 2251 exercitum
644 2217 833 2249 veterem
862 2204 1047 2267 legionis
1065 2206 1219 2261 unius,
1242 2205 1518 2265 duarumque
1536 2205 1625 2249 ala»

230 2306 350 2339 rum,
374 2298 418 2332 ct
439 2287 689 2331 cohortium
711 2287 842 2330 trium
869 2304 875 2328 :
897 2297 939 2329 at
965 2303 987 2328 e
1013 2285 1281 2346 primoribus
1299 2286 1624 2347 prudentiaque

228 2381 269 2414 et
299 2380 424 2414 aetate
453 2367 790 2430 praestantibus,
821 2366 935 2410 velut
966 2367 1104 2409 instar
1131 2376 1330 2420 senatus,
1359 2367 1411 2411 :ul
1440 2384 1547 2427 quos
1573 2368 1626 2411 ‹le

230 2452 394 2511 majore
421 2466 491 2505 re,
519 2449 689 2510 quoties
715 2465 824 2508 opus
849 2457 984 2504 esset,
1013 2447 1264 2504 referretur,
1304 2449 1505 2491 instituit.
1535 2452 1621 2492 De,-

230 2533 330 2594 tegit
356 2542 398 2574 et
423 2531 636 2595 equestris
662 2529 828 2573 ordinis
849 2530 1034 2589 juvenes
1051 2565 1062 2583 ,
1083 2529 1185 2589 qui,
1212 2539 1418 2572 manente
1441 2529 1625 2572 annulo-

231 2630 325 2656 rum
354 2629 588 2656 aureoruin
621 2628 728 2664 usu,
758 2612 930 2654 ermuli
954 2610 1298 2671 appellarentur,
1329 2611 1623 2671 excubiasque

230 2695 343 2738 circa
379 2692 630 2738 cul›i(uluin
659 2710 784 2735 suuni
818 2694 908 2736 vice
939 2691 1124 2735 militum
1154 2703 1345 2752 agerent.
1380 2694 1515 2736 Euam
1550 2711 1612 2753 ,ιι-ι
