1988 3439
731 261 988 297 CALIGULA.
1475 263 1546 312 189

177 365 278 392 cum
306 347 398 392 fora
427 357 469 391 et
503 345 698 392 basilicas
727 342 1104 389 nomenculatores
1132 344 1186 387 ad
1221 346 1468 391 invitandos
1503 350 1545 392 in

179 429 402 474 libidinem
423 429 605 490 juvenes
631 441 869 486 senesque,
895 425 1076 487 praebita
1106 423 1439 471 advenientibus
1470 446 1545 489 pe-

177 512 306 554 cunia
334 510 522 563 fenebri,
549 507 868 568 appositisque,
895 506 971 566 qui
1001 504 1180 549 nomina
1208 504 1352 566 palam
1381 509 1542 552 subno-

179 601 348 646 tarent,
379 590 502 650 quasi
540 587 843 649 adjuvantium
876 587 1057 631 Coesaris
1090 585 1270 630 reditus.
1303 589 1367 630 Ac
1401 605 1454 632 ne
1496 607 1546 633 ex

180 670 274 715 lusu
296 670 470 731 quidem
499 667 601 712 aleae
624 666 932 727 compendium
953 683 1183 727 spernenS,
1218 665 1302 710 )lus
1319 667 1548 712 mendacio

177 760 308 812 atque
332 751 462 795 etiam
488 749 682 810 perjurio
709 746 978 791 lucrabatur.
1007 749 1065 791 Et
1095 747 1318 807 quondam
1346 749 1546 808 proximo

178 830 381 875 collusori
421 828 685 873 demandata
721 827 814 870 vice
854 843 964 882 sua,
1006 843 1263 888 progressus
1303 829 1347 871 in
1386 830 1546 873 atrium

177 910 360 965 domus,
389 926 526 970 quum
553 917 866 970 praetereuntes
898 906 1006 951 duos
1044 902 1211 968 equites
1246 925 1452 953 romanos
1487 908 1549 953 lo-

177 989 370 1052 cupletes
403 990 495 1034 sine
528 1005 651 1033 mora
682 988 845 1048 corripi
875 987 1190 1048 confiscarique
1213 988 1439 1049 jussisset3
1472 1007 1547 1034 ex-

178 1069 343 1115 sultans
381 1070 539 1126 rediit,
574 1068 879 1130 gloriansque,
920 1084 1147 1129 nunquam
1186 1085 1231 1112 se
1269 1070 1546 1130 prosperiore

177 1148 270 1194 alea
301 1167 441 1195 usum.

241 1232 384 1275 XLII.
414 1229 522 1275 Filia
553 1246 656 1274 vero
683 1239 783 1274 nata
800 1264 811 1285 ,
840 1239 1166 1290 paupertatem,
1197 1247 1276 1274 nec
1296 1231 1387 1291 jam
1413 1232 1550 1292 impe-

179 1312 340 1355 ratoria
371 1310 529 1365 modo,
564 1310 636 1354 sed
673 1320 715 1354 ct
751 1311 890 1371 patria
925 1326 1194 1370 conquerens
1225 1327 1383 1367 onera,
1416 1311 1553 1356 colla-

180 1392 320 1436 tiones
347 1392 391 1434 in
419 1389 670 1434 alimoniam
695 1400 825 1449 atque
854 1389 999 1433 dotem
1025 1389 1178 1450 puellae
1200 1392 1375 1452 recepit.
1400 1391 1549 1436 Edixit

179 1480 223 1516 et
257 1481 426 1515 strenas
462 1471 641 1513 ineunte
676 1486 792 1513 anno
829 1486 873 1513 se
909 1479 1185 1530 recepturum
1218 1488 1226 1513 ε
1261 1472 1467 1532 stetitque
1505 1473 1547 1515 in

179 1549 394 1595 vestibulo
413 1549 570 1594 aedium
591 1548 787 1594 kalendis
809 1550 1023 1609 januariis
1051 1549 1105 1593 ad
1127 1550 1363 1610 captandas
1387 1552 1520 1612 stipes
1538 1586 1549 1607 ,

177 1647 284 1692 quas
315 1629 454 1692 plenis
487 1640 588 1675 ante
623 1647 723 1674 eum
755 1630 957 1674 manibus
996 1647 1044 1674 ac
1072 1631 1170 1674 sinu
1203 1632 1344 1675 omnis
1377 1633 1549 1693 generis

180 1711 312 1756 turba
340 1711 562 1756 fundebat.
590 1710 836 1755 Novissime
864 1710 1185 1755 contrectandae
1212 1713 1407 1772 pecuniae
1430 1714 1552 1773 cupi-

178 1791 280 1835 dine
303 1792 524 1847 incensus,
545 1807 656 1852 saepe
681 1808 810 1851 super
832 1792 1066 1835 immensos
1091 1808 1326 1836 aureorum
1350 1810 1551 1850 acervos,

179 1873 483 1932 patentissimo
513 1871 693 1915 diffusos
722 1870 845 1927 loco,
874 1882 916 1914 ct
943 1871 1071 1915 nudis
1101 1871 1283 1932 pedibus
1312 1874 1552 1934 spatiatus,

179 1961 223 1995 et
246 1962 340 1996 toto
362 1969 546 2013 corpore
572 1950 841 2012 aliquamdiu
871 1951 1088 1995 volutatus
1113 1962 1188 1996 est.

241 2034 402 2077 XLIII.
429 2031 635 2077 Militiam
667 2050 820 2093 resque
850 2031 1022 2076 bellicus
1049 2032 1180 2076 semel
1208 2034 1382 2095 attigit,
1410 2051 1552 2094 neque

181 2129 233 2156 ex
257 2111 498 2168 destinato,
523 2113 596 2156 sed
623 2129 759 2173 quum
782 2112 845 2158 ,ad
869 2111 1095 2155 visendum
1126 2129 1276 2157 nemus
1305 2113 1554 2174 flumenque

183 2191 396 2237 Clitumni
434 2193 685 2236 Mevaniam
721 2193 1031 2252 processisset,
1069 2191 1320 2236 admonitus
1360 2193 1412 2237 de
1449 2210 1555 2254 sup-

181 2271 342 2333 plendo
383 2288 568 2315 numero
608 2274 896 2327 Batavorum,
939 2288 1047 2332 quos
1090 2273 1205 2316 circa
1244 2290 1287 2317 se
1331 2274 1554 2331 habebat,

181 2351 470 2413 expeditionis
496 2351 753 2412 germanicae
782 2351 993 2410 impetum
1018 2352 1130 2411 cepit
1156 2369 1164 2394 :
1193 2368 1335 2412 neque
1359 2353 1554 2409 distulit,

182 2431 257 2476 sed
293 2430 537 2492 legionibus
575 2441 616 2474 et
657 2429 828 2474 auxiliis
866 2430 1061 2490 undique
1098 2432 1276 2488 excitis,
1313 2432 1554 2476 delectibus

183 2511 346 2571 ubique
383 2510 657 2555 acerbissime
691 2512 825 2566 actis,
862 2521 1087 2554 contracto
1120 2521 1163 2554 et
1198 2513 1339 2555 omnis
1378 2514 1552 2573 generis

183 2601 456 2646 commeatu,
480 2599 646 2650 quanto
674 2608 899 2650 nunquam
925 2601 1075 2646 antea,
1101 2593 1182 2634 itcr
1211 2591 1427 2651 ingressus
1455 2603 1519 2636 est
1544 2610 1552 2635 :

185 2671 455 2731 confecitque
483 2670 612 2714 niodo
642 2682 727 2714 tam
762 2671 1015 2715 festinanter
1049 2682 1088 2714 ct
1116 2671 1294 2731 rapide,
1325 2681 1369 2715 ut
1398 2682 1554 2732 praeto-
