1971 3342
443 251 454 272 1
467 250 479 271 1
488 248 510 269 Ο
958 238 993 271 C.
1024 238 1246 272 SUETONII

440 316 516 357 bus
548 315 653 359 forte
683 318 879 360 narrabat
911 334 918 359 :
948 334 1151 378 puerum,
1182 318 1288 360 facie
1319 314 1505 371 liberali,
1540 314 1764 357 demissum

439 393 544 436 coelo
569 404 716 438 catena
739 412 890 449 aurea,
919 396 971 438 ad
996 395 1104 438 fores
1133 395 1331 456 Capitolii
1355 394 1616 448 constitisse,
1646 393 1767 450 eique¹

441 474 586 514 Jovem
620 472 834 533 flagellum
872 472 1120 527 tradidisse;
1159 473 1335 529 deinde,
1372 481 1543 532 repente
1579 473 1771 530 Augusto

441 551 555 604 viso,
586 567 710 610 quem
738 553 930 610 ignotum
961 550 1099 594 adhuc
1120 551 1333 610 plerisque
1366 548 1601 593 avunculus
1630 550 1771 592 Caesar

443 628 496 670 ad
516 628 838 671 sacrificandum
859 629 1092 684 acciverat,
1114 628 1342 672 affirmavit
1363 629 1500 688 ipsum
1523 642 1629 681 esse,
1651 626 1771 684 cujus

445 707 583 764 imago
613 706 848 749 secundum
884 708 1069 766 quietem
1103 707 1181 750 sibi
1218 707 1440 750 obversata
1475 706 1539 749 sit.
1580 705 1773 748 Sumenti

444 783 605 826 virilen‘.
625 794 769 843 togam
789 785 935 827 tunica
953 783 1029 828 lati
1049 784 1177 839 clavi,
1199 794 1340 828 resuta
1359 801 1409 828 ex
1430 793 1614 842 utraque
1634 791 1774 842 parte,

445 862 498 904 ad
534 862 654 922 pedes
690 862 858 905 decidit.
892 865 1113 918 Fuerunt,
1147 865 1220 922 qui
1257 863 1660 922 interpretarentur,
1692 876 1778 902 non

447 939 562 983 aliud
582 941 833 1000 significare,
856 958 985 1000 quam
1005 951 1052 984 ut
1070 943 1103 984 is
1122 941 1246 997 ordo,
1265 941 1385 999 cujus
1403 941 1568 1000 insigne
1588 939 1631 981 id
1651 948 1777 993 esset,

448 1019 699 1077 quandoque
733 1020 770 1062 ei
806 1020 1102 1079 subjiceretur.
1141 1019 1267 1079 Apud
1306 1018 1515 1062 Mundam
1550 1020 1603 1060 D.
1642 1015 1779 1060 Julius

449 1098 594 1140 castris
622 1096 758 1141 iocum
788 1099 979 1157 capiens,
1009 1114 1141 1157 quum
1170 1096 1318 1140 silvam
1351 1095 1551 1147 caederet,
1583 1095 1776 1137 arborem

451 1174 598 1234 palmae
624 1186 832 1236 repertam
857 1177 1124 1231 conservari,
1153 1185 1201 1218 ut
1229 1191 1353 1218 omen
1384 1174 1595 1227 victoriae,
1622 1174 1744 1232 jussit
1771 1190 1779 1215 z

449 1270 499 1296 ex
535 1270 584 1296 ea
620 1255 820 1297 continuo
857 1264 981 1298 enata
1016 1253 1180 1297 soboles
1217 1253 1323 1297 adeo
1359 1253 1404 1295 in
1444 1253 1591 1313 paucis
1628 1251 1778 1294 diebus

449 1331 652 1386 adolevit,
671 1343 718 1376 ut
741 1350 828 1376 non
852 1334 1131 1392 aequipararet
1153 1332 1280 1375 modo
1303 1332 1544 1386 matricem,
1566 1347 1713 1374 verum
1737 1340 1779 1373 et

451 1411 682 1471 obtegeret,
708 1411 1135 1470 frequentareturque
1159 1409 1454 1454 columbarum
1478 1409 1609 1463 nidis,
1633 1426 1782 1468 quam·-

451 1490 513 1532 vis
539 1490 581 1532 id
604 1491 741 1533 avium
766 1507 898 1550 genus
927 1489 1079 1534 duram
1104 1500 1146 1533 et
1167 1505 1358 1550 asperam
1385 1488 1579 1533 frondem
1603 1491 1785 1533 maxime

452 1568 569 1611 vitet.
595 1567 674 1611 Illo
694 1578 734 1612 et
760 1571 971 1630 praecipue
996 1578 1163 1612 ostento
1187 1578 1353 1612 motum
1382 1571 1589 1613 Caesarem
1618 1568 1785 1618 ferunt,

454 1662 505 1689 ne
527 1663 653 1705 quem
673 1647 801 1691 alium
833 1649 912 1691 sibi
943 1647 1188 1701 succedere,
1218 1664 1348 1707 quam
1375 1648 1530 1690 sororis
1560 1656 1783 1706 nepotem,

454 1724 591 1768 vellet.
614 1728 663 1768 In
684 1743 848 1769 secessu
871 1725 1107 1787 Apolloniae
1128 1727 1367 1786 Theogenis
1387 1726 1673 1768 mathematici
1695 1741 1788 1785 per-

454 1802 621 1863 gulam,
653 1806 802 1848 comite
833 1806 1048 1865 Agrippa,
1079 1804 1323 1848 ascenderat
1357 1822 1366 1847 :
1398 1821 1530 1864 quum
1565 1805 1791 1865 Agrippae,

456 1882 529 1940 qui
558 1883 676 1941 prior
705 1882 967 1936 consulebat,
991 1899 1147 1943 magna
1175 1893 1217 1926 et
1247 1899 1364 1943 paene
1395 1882 1659 1926 incredibilia
1688 1899 1791 1941 prae-

455 1959 719 2016 (licerentur,
757 1962 934 2004 reticere
974 1962 1062 2021 ipse
1102 1962 1342 2020 genituram
1383 1976 1529 2015 suam,
1567 1976 1645 2003 nec
1689 1959 1794 2003 vello

454 2038 577 2082 edere
605 2041 923 2097 perseverabat,
950 2048 1065 2081 metu
1095 2055 1143 2081 ac
1172 2037 1358 2098 pudore,
1386 2054 1438 2081 ne
1463 2039 1603 2081 minor
1631 2039 1794 2082 inveni-

455 2125 583 2157 retur.
606 2117 702 2170 Qua
726 2125 861 2159 tamen
883 2127 978 2175 post
998 2116 1151 2159 multas
1171 2117 1489 2159 adhortationes
1511 2118 1581 2159 vix
1601 2126 1643 2160 et
1662 2133 1793 2160 cunc-

457 2202 595 2235 tanter
617 2193 750 2249 edita,
772 2193 942 2237 exsiluit
963 2195 1229 2254 Theogenes,
1254 2195 1532 2254 adoravitque
1553 2210 1663 2238 eum.
1685 2198 1795 2239 Tan-

457 2281 541 2314 tam
564 2288 659 2313 mox
684 2271 881 2315 fiduciam
905 2273 977 2315 fati
1000 2275 1220 2333 Augustus
1244 2273 1412 2329 habuit,
1435 2283 1482 2317 ut
1504 2274 1646 2317 thema
1669 2290 1794 2317 suum

457 2349 712 2410 vulgaverit,
742 2367 1049 2410 nummumque
1074 2360 1323 2411 argenteum
1348 2362 1450 2395 nota
1475 2352 1624 2396 sideris
1645 2353 1793 2412 Capri-

456 2430 593 2482 corni,
615 2442 699 2487 quo
724 2438 846 2472 natus
865 2439 946 2484 est,
970 2431 1238 2489 percusserit.

518 2508 650 2549 XCV.
688 2509 789 2549 Post
818 2523 965 2550 necem
995 2509 1193 2562 Caesaris,
1222 2525 1392 2552 reverso
1421 2510 1473 2552 ab
1501 2508 1725 2569 Apollonia
1752 2519 1793 2552 et

459 2585 724 2643 ingrediente
749 2602 799 2628 eo
821 2587 1006 2639 Urbem,
1032 2596 1203 2644 repente
1228 2585 1388 2645 liquido
1413 2604 1460 2630 ac
1487 2604 1595 2647 puro
1619 2604 1794 2644 screno,
