1988 3439
818 277 961 313 NERO.
1507 284 1578 319 263

214 379 297 422 que
323 380 348 406 a
379 379 420 405 se
453 362 556 405 artis
592 361 877 420 objiceretur3
903 360 1097 421 singulos
1133 362 1318 407 subinde
1356 368 1578 427 rogitans,

213 451 481 486 «nossentne
497 455 758 502 quemquam
785 442 1144 500 praestantiorem.
1166 463 1186 483 »
1211 443 1295 487 Sed
1323 448 1578 506 urgentibus

212 521 306 566 aliis
332 538 463 583 super
481 519 587 565 alios
603 521 792 577 nunciis,
818 523 1002 565 Romam
1022 523 1311 584 praetrepidus
1333 525 1460 570 rediit
1483 544 1492 570 ε
1521 526 1579 571 le-

209 604 403 664 viterque
421 600 551 646 modo
571 601 614 644 in
636 601 791 645 itinere
809 599 966 645 frivolo
990 604 1185 663 auspicio
1206 615 1351 650 mente
1367 618 1577 664 recreata,

207 699 343 742 quum
374 691 644 734 annotasset,
671 680 936 743 insculptum
961 694 1246 730 monumento
1278 685 1457 731 militem
1490 687 1579 749 gal-

207 761 298 807 lum
316 762 370 806 ab
386 761 530 822 equite
547 777 730 806 romano
755 778 1012 823 oppressum
1036 764 1150 808 trahi
1167 765 1360 810 crinibus
1374 800 1386 823 ‚
1406 765 1460 811 ad
1483 783 1578 812 eam

205 844 389 904 speciem
408 839 581 886 exsiluit
598 841 759 903 gaudio
775 876 786 898 ,
810 841 1056 904 coelumque
1075 845 1288 890 adoravit.
1308 849 1370 891 Ac
1393 863 1447 890 ne
1471 857 1578 892 tunc

203 922 380 984 quidem
394 931 471 966 aut
483 931 637 967 senatu
662 931 738 966 aut
760 922 926 984 populo
941 940 1088 969 coram
1102 925 1341 987 appellato,
1364 927 1578 988 quosdam

203 1019 227 1046 e
242 1002 508 1064 primoribus
526 1004 630 1047 viris
649 1002 831 1048 domum
853 1006 1049 1050 evocavit
1066 1023 1074 1050 :
1097 1016 1402 1069 transactaque
1420 1009 1578 1069 raptim

201 1083 542 1138 consultatione,
565 1082 777 1145 reliquam
797 1083 882 1129 diei
907 1095 1076 1146 partem
1100 1103 1178 1148 per
1200 1103 1366 1149 organa
1389 1089 1577 1150 hydrau-

203 1162 285 1208 lica
308 1164 410 1208 novi
444 1174 489 1208 et
517 1164 655 1226 ignoti
678 1165 849 1225 generis
888 1166 1181 1211 circumduxit
1210 1185 1220 1210 z
1255 1168 1578 1229 ostendensque

200 1243 387 1306 singula,
402 1244 456 1289 de
473 1244 644 1288 ratione
660 1261 710 1288 ac
728 1244 989 1289 difficultate
1008 1247 1219 1307 cujusque
1237 1247 1470 1303 disserens,
1486 1249 1577 1309 jam

201 1341 245 1369 se
262 1325 392 1369 etiam
414 1324 689 1386 prolaturum
708 1327 853 1369 omnia
876 1327 919 1369 in
942 1326 1159 1370 theatrum
1175 1327 1430 1385 affirmavit,
1447 1330 1481 1373 si
1501 1346 1579 1390 per

201 1404 428 1450 Vindicem
455 1402 593 1448 liceat.

261 1485 401 1529 XLII.
433 1486 669 1545 Postquam
705 1484 863 1529 deinde
888 1487 1017 1529 etiam
1045 1486 1233 1531 Galbam
1269 1499 1310 1532 et
1345 1491 1576 1550 Hispanias

196 1564 423 1611 descivisse
457 1565 690 1626 cognovit,
719 1564 958 1627 collapsus,
1000 1568 1234 1628 animoque
1265 1568 1377 1613 male
1414 1570 1575 1626 fracto,

196 1644 270 1689 diu
301 1654 346 1689 et
369 1646 460 1689 sine
498 1661 628 1699 voce,
662 1655 704 1689 et
728 1662 863 1707 prope
900 1648 1215 1692 intermortuus
1248 1650 1399 1709 jacuit.
1428 1653 1574 1711 thue

197 1725 400 1786 resipuit,
421 1735 535 1769 veste
555 1725 732 1770 discissa
746 1761 757 1781 ‚
784 1728 924 1787 capite
948 1728 1288 1785 converbemto,
1313 1750 1333 1770 «
1348 1740 1495 1774 actum
1518 1730 1572 1774 dc

197 1822 260 1862 se,
279 1825 300 1846 n
320 1806 627 1867 pronunciavit
646 1824 655 1850 :
675 1807 1005 1869 consolantique
1028 1810 1278 1867 nutriculae,
1299 1822 1342 1856 et
1354 1811 1446 1856 aliis
1468 1829 1574 1872 quo-

197 1901 282 1945 que
315 1886 405 1946 jam
438 1886 710 1947 principibus
746 1886 902 1931 similia
937 1889 1142 1933 accidisse
1180 1893 1497 1947 meinoranti‚«
1521 1894 1575 1936 Sc

196 1981 299 2009 vero
322 1975 481 2026 praeter
502 1976 668 2010 ceteros
694 1966 888 2011 inaudita
915 1978 958 2012 et
984 1971 1207 2029 incognita
1227 1973 1339 2031 pati,
1357 1993 1376 2013 »
1398 1989 1573 2032 respon-

197 2044 275 2102 dit,
290 2046 398 2106 «qui
413 2062 630 2090 summum
652 2047 882 2107 imperium
907 2050 1028 2092 vivus
1043 2051 1304 2094 amitteret.»
1332 2053 1423 2095 Nec
1447 2069 1498 2095 co
1515 2068 1574 2096 se-

197 2124 289 2169 cius
305 2126 537 2186 quicquam
560 2142 612 2169 ex
638 2126 955 2172 consuetudine
974 2127 1101 2172 luxus
1126 2139 1257 2190 atque
1281 2130 1456 2175 desidiae
1468 2133 1574 2175 omi-

197 2205 273 2261 sit,
292 2203 360 2249 vel
385 2205 619 2249 imminuit.
646 2207 765 2264 Quin
792 2208 949 2264 immo,
973 2225 1110 2269 quum
1136 2212 1332 2272 prosperi
1362 2212 1570 2272 quiddam

197 2302 250 2330 ex
274 2286 509 2346 provinciis
535 2287 787 2331 nunciatum
821 2298 959 2343 esset,
993 2306 1125 2349 super
1152 2291 1573 2335 abundantissimam

198 2381 365 2410 coenam
379 2364 590 2425 jocularia
608 2367 651 2410 in
671 2366 925 2412 defectionis
947 2368 1077 2412 duces
1094 2372 1311 2421 carmina,
1331 2371 1574 2433 lasciveque
1602 2397 1606 2402 ·

199 2444 444 2503 modulata,
468 2463 564 2507 quae
584 2446 716 2508 vulgo
741 2458 1009 2503 notuerunt,
1033 2450 1160 2493 etiam
1186 2451 1466 2512 gesticulatus
1487 2463 1571 2507 est;

197 2542 247 2569 ac
269 2525 527 2587 spectaculis
562 2528 719 2572 theatri
747 2528 859 2573 clam
888 2529 1052 2586 illatus,
1083 2530 1254 2575 cuidam
1283 2534 1453 2576 scenico
1477 2533 1570 2595 pla-

198 2608 309 2651 nenti
332 2608 539 2652 nunciu'm
568 2610 704 2664 misit,
731 2611 883 2654 «abuti
909 2627 1007 2654 cum
1035 2613 1401 2673 occupationibus
1430 2615 1567 2658 suis.»

260 2688 420 2733 XLIII.
467 2689 595 2733 lnitio
627 2691 772 2733 statim
817 2691 1053 2747 tumultus,
1095 2691 1227 2737 multa
1267 2704 1306 2735 ct
1346 2694 1571 2742 immania,
