1971 3342
441 247 486 282 36
968 250 1006 283 C.
1037 250 1261 286 SUETONII

438 345 546 374 auro
572 330 716 392 politis
740 332 868 374 armis
894 342 1090 388 ornaret,
1115 331 1240 375 simul
1266 341 1308 375 et
1330 332 1383 376 ad
1406 333 1611 393 speciem,
1636 342 1677 374 et
1701 349 1786 392 quo

437 409 674 453 tenaciores
703 426 852 454 eorum
884 414 926 454 in
958 411 1107 471 proelio
1135 421 1276 454 essent
1301 421 1418 454 metu
1443 411 1600 454 damni.
1626 409 1787 470 Dilige—

436 487 511 530 bat
535 504 706 548 quoque
733 506 868 549 usque
893 491 1021 543 adeo,
1049 500 1097 533 ut
1122 490 1268 533 audita
1294 489 1412 533 clade
1437 491 1660 534 Tituriana
1690 490 1787 532 bar-

436 565 536 609 bam
558 567 846 628 capillumque
869 569 1131 625 submiserit;
1159 585 1237 613 nec
1262 579 1360 612 ante
1379 569 1633 630 dempserit,
1659 584 1786 628 quam

436 645 706 690 vindicasset.
732 647 903 703 Quibus
928 648 1054 690 rebus
1076 657 1118 690 et
1140 647 1435 692 devotissimos
1459 648 1562 702 sibi,
1588 657 1629 690 et
1646 647 1787 690 fortis-

435 724 563 769 simos
586 725 783 769 reddidit.

500 806 700 848 LXVIII.
735 807 932 865 Ingresso
955 805 1078 849 civile
1099 806 1261 850 bellum
1283 807 1552 850 centuriones
1579 807 1788 866 cujusque

437 881 614 942 legionis
653 882 843 943 singulos
878 886 1040 944 equites
1078 902 1100 928 e
1134 886 1288 928 viatico
1323 902 1401 928 suo
1437 885 1713 938 obtulerunt3
1747 895 1788 926 et

438 962 624 1004 universi
651 961 803 1006 milites
822 964 1054 1023 gratuitam
1076 974 1117 1008 et
1140 967 1229 1008 sine
1251 964 1467 1008 frumento
1491 964 1788 1024 stipendioque

437 1055 635 1099 operam,
672 1057 806 1100 quum
840 1044 1084 1086 tenuiorum
1122 1042 1299 1087 tutelam
1333 1042 1631 1103 locupletiores
1667 1044 1709 1085 in
1746 1059 1787 1085 sc

393 1150 396 1153 Α
437 1118 730 1162 contulissent.
767 1121 919 1180 Neque
951 1122 994 1164 in
1028 1132 1116 1165 tam
1151 1122 1358 1165 diuturno
1393 1122 1529 1181 spatio
1559 1122 1785 1181 quisquam

436 1198 613 1240 omnino
637 1198 813 1242 descivit
834 1217 842 1242 z
868 1199 1061 1260 plerique
1084 1203 1196 1260 capti
1221 1216 1463 1244 concessam
1487 1201 1566 1244 sibi
1589 1201 1669 1243 sub
1689 1217 1788 1244 con-

437 1275 597 1319 ditione
624 1277 779 1332 vitam,
807 1279 840 1321 si
873 1278 1054 1323 militare
1083 1280 1288 1324 adversus
1323 1295 1422 1322 eum
1453 1277 1634 1336 vellent,
1667 1296 1789 1323 recu-

437 1366 598 1398 sarunt.
618 1359 791 1400 Famem
809 1368 848 1401 et
869 1368 1029 1402 ceteras
1049 1360 1340 1414 necessitates,
1355 1373 1442 1400 non
1464 1373 1598 1416 quum
1620 1359 1789 1404 obside-

436 1444 588 1477 rentur
612 1437 764 1492 modo,
794 1439 865 1482 sed
890 1449 931 1481 et
963 1440 996 1481 si
1027 1438 1132 1482 alios
1165 1439 1245 1500 ipsi
1272 1440 1539 1496 obsiderent,
1566 1448 1788 1499 tantopere

435 1512 701 1573 tolerabant,
739 1528 785 1561 ut
824 1519 1091 1578 Dyrrachina
1132 1519 1370 1562 munitione
1408 1520 1666 1580 Pompeius,
1697 1519 1787 1569 viso

435 1607 589 1650 genere
621 1598 743 1655 panis
777 1615 823 1641 ex
860 1598 1017 1652 herba,
1053 1615 1140 1658 quo
1174 1599 1521 1655 sustinebantur,
1555 1614 1651 1642 cum
1672 1597 1788 1655 seris

434 1671 514 1715 sibi
537 1689 621 1717 rem
647 1692 760 1729 esse,
789 1677 967 1731 dixerit,
999 1678 1273 1737 amoverique
1303 1679 1444 1734 ocius,
1475 1692 1553 1720 nec
1582 1677 1784 1736 cuiquam

435 1752 601 1795 ostendi
621 1754 820 1812 jusserit,
848 1773 900 1799 ne
930 1757 1132 1817 patientia
1164 1766 1204 1800 et
1234 1756 1470 1818 pertinacia
1497 1756 1630 1798 hostis
1656 1755 1784 1798 animi

434 1845 610 1874 suorum
654 1832 968 1894 frangerentur.
1013 1837 1189 1893 Quanta
1228 1835 1480 1878 fortitudine
1518 1833 1780 1884 dimicarint,

434 1911 676 1954 testimonio
707 1923 795 1958 est.
825 1914 963 1973 quod,
990 1915 1167 1957 adverso
1194 1912 1321 1956 semel
1349 1912 1465 1973 apud
1495 1913 1785 1972 Dyrrachium

434 1988 609 2047 proelio,
638 2007 806 2049 poenam
836 1994 875 2034 in
913 2010 955 2035 se
990 1992 1102 2035 ultro
1137 1993 1479 2052 depoposcerunt
1513 2008 1522 2034 :
1555 2001 1603 2034 ut
1634 2007 1783 2034 conso-

433 2065 581 2110 landos
614 2086 685 2111 eos
717 2071 849 2129 magis
880 2072 1111 2131 imperator
1135 2087 1262 2129 quam
1288 2069 1547 2130 puniendos,
1572 2069 1782 2113 habuerit.

432 2145 593 2188 Ceteris
622 2147 780 2206 proeliis
808 2151 1051 2192 innumeras
1078 2149 1421 2192 adversariorum
1445 2150 1613 2209 copias,
1639 2147 1784 2191 multis

431 2225 624 2281 partibus
653 2227 729 2284 ipsi
757 2229 1001 2285 pauciores,
1030 2227 1151 2270 facile
1177 2237 1447 2286 superarunt.
1476 2229 1674 2286 Denique
1698 2244 1783 2270 una

431 2312 556 2345 sextae
579 2302 756 2362 legionis
780 2306 937 2349 cohors
953 2308 1203 2366 ,praeposita
1228 2305 1423 2359 castello,
1448 2315 1635 2364 quatuor
1658 2309 1782 2350 Pom-

431 2381 508 2439 peii
547 2380 732 2441 legiones
768 2400 842 2442 per
877 2382 1042 2442 aliquot
1078 2385 1205 2428 horas
1237 2385 1462 2438 sustinuit,
1493 2401 1613 2444 paene
1643 2386 1780 2428 omnis

429 2459 593 2503 confixa
622 2461 896 2505 multitudine
921 2463 1141 2506 hostilium
1168 2466 1446 2523 sagittarum,
1472 2479 1653 2524 quarum
1678 2479 1779 2506 cen-

430 2546 522 2580 tum
551 2555 599 2582 ac
635 2541 811 2600 triginta
838 2540 969 2583 millia
1001 2542 1113 2584 intra
1146 2540 1306 2585 vallum
1342 2553 1511 2602 reperta
1542 2551 1653 2585 sunt.
1690 2542 1780 2585 Nec.

431 2616 613 2673 mirum,
645 2620 679 2661 si
711 2621 811 2678 quis-
837 2618 1104 2679 singulorum
1141 2620 1248 2663 sacta
1285 2622 1503 2680 respiciat,
1542 2619 1606 2663 vel
1644 2619 1780 2662 Cassii
