<?xml version="1.0" encoding="UTF-8"?>
<!DOCTYPE html PUBLIC "-//W3C//DTD XHTML 1.0 Transitional//EN"
    "http://www.w3.org/TR/xhtml1/DTD/xhtml1-transitional.dtd">
<html xmlns="http://www.w3.org/1999/xhtml" xml:lang="en" lang="en">
 <head>
  <title>
</title>
<meta http-equiv="Content-Type" content="text/html;charset=utf-8" />
  <meta name='ocr-system' content='tesseract 3.04.00' />
  <meta name='ocr-capabilities' content='ocr_page ocr_carea ocr_par ocr_line ocrx_word'/>
</head>
<body>
  <div class='ocr_page' id='page_1' title='image "./operagro00suetuoft_0197.png"; bbox 0 0 1988 3439; ppageno 0'>
   <div class='ocr_carea' id='block_1_1' title="bbox 714 267 1534 317">
    <p class='ocr_par' dir='ltr' id='par_1_1' title="bbox 714 267 1534 317">
     <span class='ocr_line' id='line_1_1' title="bbox 714 267 1534 317; baseline 0.004 -14"><span class='ocrx_word' id='word_1_1' title='bbox 714 267 974 304; x_wconf 63' lang='lat' dir='ltr'>Qucum.</span> <span class='ocrx_word' id='word_1_2' title='bbox 1465 272 1534 317; x_wconf 82' lang='lat'>169</span> 
     </span>
    </p>
   </div>
   <div class='ocr_carea' id='block_1_2' title="bbox 161 352 1555 2674">
    <p class='ocr_par' dir='ltr' id='par_1_2' title="bbox 163 352 1535 660">
     <span class='ocr_line' id='line_1_2' title="bbox 172 352 1533 417; baseline -0.003 -14"><span class='ocrx_word' id='word_1_3' title='bbox 172 360 372 403; x_wconf 80' lang='lat' dir='ltr'>introisse</span> <span class='ocrx_word' id='word_1_4' title='bbox 395 374 436 401; x_wconf 88' lang='lat' dir='ltr'>sc</span> <span class='ocrx_word' id='word_1_5' title='bbox 459 374 557 401; x_wconf 89' lang='lat' dir='ltr'>cum</span> <span class='ocrx_word' id='word_1_6' title='bbox 583 356 773 417; x_wconf 84' lang='lat' dir='ltr'>pugione</span> <span class='ocrx_word' id='word_1_7' title='bbox 799 352 1051 399; x_wconf 84' lang='lat' dir='ltr'>cubiculum</span> <span class='ocrx_word' id='word_1_8' title='bbox 1071 354 1230 397; x_wconf 88' lang='lat' dir='ltr'>Tiberii</span> <span class='ocrx_word' id='word_1_9' title='bbox 1257 355 1533 412; x_wconf 86' lang='lat' dir='ltr'>dormientis,</span> 
     </span>
     <span class='ocr_line' id='line_1_3' title="bbox 163 434 1535 498; baseline -0.004 -13"><span class='ocrx_word' id='word_1_10' title='bbox 163 452 230 498; x_wconf 87' lang='lat' dir='ltr'>et,</span> <span class='ocrx_word' id='word_1_11' title='bbox 246 437 544 484; x_wconf 81' lang='lat' dir='ltr'>misericordia</span> <span class='ocrx_word' id='word_1_12' title='bbox 561 445 832 497; x_wconf 89' lang='lat' dir='ltr'>correptum,</span> <span class='ocrx_word' id='word_1_13' title='bbox 854 435 1023 495; x_wconf 88' lang='lat' dir='ltr'>abjecto</span> <span class='ocrx_word' id='word_1_14' title='bbox 1045 434 1162 478; x_wconf 89' lang='lat' dir='ltr'>ferro</span> <span class='ocrx_word' id='word_1_15' title='bbox 1185 437 1405 480; x_wconf 80' lang='lat' dir='ltr'>recessisse</span> <span class='ocrx_word' id='word_1_16' title='bbox 1425 453 1434 479; x_wconf 92' lang='lat'>:</span> <span class='ocrx_word' id='word_1_17' title='bbox 1456 453 1535 480; x_wconf 90' lang='lat' dir='ltr'>nec</span> 
     </span>
     <span class='ocr_line' id='line_1_4' title="bbox 166 515 1532 580; baseline -0.004 -15"><span class='ocrx_word' id='word_1_18' title='bbox 166 520 316 577; x_wconf 89' lang='lat' dir='ltr'>illum,</span> <span class='ocrx_word' id='word_1_19' title='bbox 347 533 613 580; x_wconf 83' lang='lat' dir='ltr'>quamquam</span> <span class='ocrx_word' id='word_1_20' title='bbox 645 516 873 572; x_wconf 85' lang='lat' dir='ltr'>sensisset,</span> <span class='ocrx_word' id='word_1_21' title='bbox 906 525 981 560; x_wconf 87' lang='lat' dir='ltr'>aut</span> <span class='ocrx_word' id='word_1_22' title='bbox 1016 515 1238 576; x_wconf 86' lang='lat' dir='ltr'>inquirere</span> <span class='ocrx_word' id='word_1_23' title='bbox 1275 516 1532 577; x_wconf 85' lang='lat' dir='ltr'>quicquam,</span> 
     </span>
     <span class='ocr_line' id='line_1_5' title="bbox 163 600 686 660; baseline -0.013 -14"><span class='ocrx_word' id='word_1_24' title='bbox 163 611 240 646; x_wconf 86' lang='lat' dir='ltr'>aut</span> <span class='ocrx_word' id='word_1_25' title='bbox 267 600 443 660; x_wconf 88' lang='lat' dir='ltr'>exsequi</span> <span class='ocrx_word' id='word_1_26' title='bbox 471 614 640 643; x_wconf 88' lang='lat' dir='ltr'>ausum.</span> <span class='ocrx_word' id='word_1_27' title='bbox 665 617 686 639; x_wconf 86' lang='lat'>»</span> 
     </span>
    </p>

    <p class='ocr_par' dir='ltr' id='par_1_3' title="bbox 161 675 1542 1544">
     <span class='ocr_line' id='line_1_6' title="bbox 225 675 1535 740; baseline -0.005 -14"><span class='ocrx_word' id='word_1_28' title='bbox 225 683 347 726; x_wconf 91' lang='lat' dir='ltr'><strong>XIII.</strong></span> <span class='ocrx_word' id='word_1_29' title='bbox 372 680 443 725; x_wconf 89' lang='lat' dir='ltr'>Sic</span> <span class='ocrx_word' id='word_1_30' title='bbox 463 679 696 740; x_wconf 90' lang='lat' dir='ltr'>imperium</span> <span class='ocrx_word' id='word_1_31' title='bbox 719 676 921 739; x_wconf 90' lang='lat' dir='ltr'>adeptus,</span> <span class='ocrx_word' id='word_1_32' title='bbox 943 675 1158 739; x_wconf 89' lang='lat' dir='ltr'>populum</span> <span class='ocrx_word' id='word_1_33' title='bbox 1186 691 1443 734; x_wconf 86' lang='lat' dir='ltr'>romanum,</span> <span class='ocrx_word' id='word_1_34' title='bbox 1466 676 1535 720; x_wconf 88' lang='lat' dir='ltr'>vel</span> 
     </span>
     <span class='ocr_line' id='line_1_7' title="bbox 161 756 1537 820; baseline -0.004 -14"><span class='ocrx_word' id='word_1_35' title='bbox 161 761 304 806; x_wconf 89' lang='lat' dir='ltr'>dicam</span> <span class='ocrx_word' id='word_1_36' title='bbox 324 760 555 804; x_wconf 91' lang='lat' dir='ltr'>hominum</span> <span class='ocrx_word' id='word_1_37' title='bbox 580 775 739 820; x_wconf 84' lang='lat' dir='ltr'>genus,</span> <span class='ocrx_word' id='word_1_38' title='bbox 764 758 852 802; x_wconf 88' lang='lat' dir='ltr'>voti</span> <span class='ocrx_word' id='word_1_39' title='bbox 879 766 1126 818; x_wconf 90' lang='lat' dir='ltr'>compotem</span> <span class='ocrx_word' id='word_1_40' title='bbox 1153 756 1275 813; x_wconf 91' lang='lat' dir='ltr'>fecit,</span> <span class='ocrx_word' id='word_1_41' title='bbox 1301 758 1537 818; x_wconf 84' lang='lat' dir='ltr'>exoptatis—</span> 
     </span>
     <span class='ocr_line' id='line_1_8' title="bbox 162 836 1537 902; baseline -0.004 -16"><span class='ocrx_word' id='word_1_42' title='bbox 162 842 297 886; x_wconf 89' lang='lat' dir='ltr'>simus</span> <span class='ocrx_word' id='word_1_43' title='bbox 317 841 519 902; x_wconf 90' lang='lat' dir='ltr'>princeps</span> <span class='ocrx_word' id='word_1_44' title='bbox 537 838 737 884; x_wconf 83' lang='lat' dir='ltr'>maximae</span> <span class='ocrx_word' id='word_1_45' title='bbox 757 837 871 900; x_wconf 86' lang='lat' dir='ltr'>parti</span> <span class='ocrx_word' id='word_1_46' title='bbox 893 836 1228 899; x_wconf 88' lang='lat' dir='ltr'>provincialium</span> <span class='ocrx_word' id='word_1_47' title='bbox 1252 854 1302 881; x_wconf 85' lang='lat' dir='ltr'>ac</span> <span class='ocrx_word' id='word_1_48' title='bbox 1323 836 1537 897; x_wconf 78' lang='lat' dir='ltr'>militum,</span> 
     </span>
     <span class='ocr_line' id='line_1_9' title="bbox 162 917 1538 983; baseline -0.002 -18"><span class='ocrx_word' id='word_1_49' title='bbox 162 921 282 983; x_wconf 89' lang='lat' dir='ltr'>quod</span> <span class='ocrx_word' id='word_1_50' title='bbox 316 921 529 965; x_wconf 89' lang='lat' dir='ltr'>infantem</span> <span class='ocrx_word' id='word_1_51' title='bbox 558 919 755 982; x_wconf 89' lang='lat' dir='ltr'>plerique</span> <span class='ocrx_word' id='word_1_52' title='bbox 787 928 1109 980; x_wconf 74' lang='lat' dir='ltr'>cognoverant,</span> <span class='ocrx_word' id='word_1_53' title='bbox 1141 917 1214 962; x_wconf 87' lang='lat' dir='ltr'>sed</span> <span class='ocrx_word' id='word_1_54' title='bbox 1250 928 1294 962; x_wconf 88' lang='lat' dir='ltr'>et</span> <span class='ocrx_word' id='word_1_55' title='bbox 1325 919 1538 962; x_wconf 81' lang='lat' dir='ltr'>universae</span> 
     </span>
     <span class='ocr_line' id='line_1_10' title="bbox 161 999 1539 1063; baseline -0.003 -17"><span class='ocrx_word' id='word_1_56' title='bbox 161 1001 277 1063; x_wconf 92' lang='lat' dir='ltr'>plebi</span> <span class='ocrx_word' id='word_1_57' title='bbox 297 1002 474 1046; x_wconf 85' lang='lat' dir='ltr'>urbanae</span> <span class='ocrx_word' id='word_1_58' title='bbox 493 1001 549 1045; x_wconf 93' lang='lat' dir='ltr'>ob</span> <span class='ocrx_word' id='word_1_59' title='bbox 569 1001 825 1044; x_wconf 83' lang='lat' dir='ltr'>memoriam</span> <span class='ocrx_word' id='word_1_60' title='bbox 845 1000 1099 1044; x_wconf 83' lang='lat' dir='ltr'>Germanici</span> <span class='ocrx_word' id='word_1_61' title='bbox 1121 1000 1277 1060; x_wconf 87' lang='lat' dir='ltr'>patris,</span> <span class='ocrx_word' id='word_1_62' title='bbox 1294 999 1539 1043; x_wconf 82' lang='lat' dir='ltr'>miseratio-</span> 
     </span>
     <span class='ocr_line' id='line_1_11' title="bbox 163 1080 1539 1143; baseline -0.003 -17"><span class='ocrx_word' id='word_1_63' title='bbox 163 1099 350 1143; x_wconf 90' lang='lat' dir='ltr'>nemque</span> <span class='ocrx_word' id='word_1_64' title='bbox 369 1098 506 1143; x_wconf 88' lang='lat' dir='ltr'>prope</span> <span class='ocrx_word' id='word_1_65' title='bbox 527 1080 696 1125; x_wconf 83' lang='lat' dir='ltr'>afssictae</span> <span class='ocrx_word' id='word_1_66' title='bbox 717 1080 884 1125; x_wconf 87' lang='lat' dir='ltr'>domus.</span> <span class='ocrx_word' id='word_1_67' title='bbox 906 1083 1059 1141; x_wconf 89' lang='lat' dir='ltr'>Itaque</span> <span class='ocrx_word' id='word_1_68' title='bbox 1078 1088 1125 1123; x_wconf 87' lang='lat' dir='ltr'>ut</span> <span class='ocrx_word' id='word_1_69' title='bbox 1146 1096 1170 1123; x_wconf 88' lang='lat' dir='ltr'>a</span> <span class='ocrx_word' id='word_1_70' title='bbox 1188 1080 1359 1123; x_wconf 84' lang='lat' dir='ltr'>Miseno</span> <span class='ocrx_word' id='word_1_71' title='bbox 1381 1080 1539 1136; x_wconf 79' lang='lat' dir='ltr'>movit,</span> 
     </span>
     <span class='ocr_line' id='line_1_12' title="bbox 167 1160 1540 1224; baseline -0.002 -18"><span class='ocrx_word' id='word_1_72' title='bbox 167 1164 364 1223; x_wconf 83' lang='lat' dir='ltr'>quamvis</span> <span class='ocrx_word' id='word_1_73' title='bbox 394 1161 583 1224; x_wconf 84' lang='lat' dir='ltr'>lugentis</span> <span class='ocrx_word' id='word_1_74' title='bbox 613 1162 793 1217; x_wconf 88' lang='lat' dir='ltr'>habitu,</span> <span class='ocrx_word' id='word_1_75' title='bbox 827 1171 869 1205; x_wconf 90' lang='lat' dir='ltr'>et</span> <span class='ocrx_word' id='word_1_76' title='bbox 898 1160 1027 1204; x_wconf 88' lang='lat' dir='ltr'>funus</span> <span class='ocrx_word' id='word_1_77' title='bbox 1054 1160 1217 1204; x_wconf 86' lang='lat' dir='ltr'>Tiberii</span> <span class='ocrx_word' id='word_1_78' title='bbox 1246 1177 1509 1221; x_wconf 81' lang='lat' dir='ltr'>prosequens</span> <span class='ocrx_word' id='word_1_79' title='bbox 1528 1195 1540 1217; x_wconf 90' lang='lat'>,</span> 
     </span>
     <span class='ocr_line' id='line_1_13' title="bbox 169 1240 1538 1303; baseline -0.002 -16"><span class='ocrx_word' id='word_1_80' title='bbox 169 1253 315 1287; x_wconf 84' lang='lat' dir='ltr'>tamen</span> <span class='ocrx_word' id='word_1_81' title='bbox 342 1243 453 1286; x_wconf 85' lang='lat' dir='ltr'>inter</span> <span class='ocrx_word' id='word_1_82' title='bbox 472 1242 625 1286; x_wconf 86' lang='lat' dir='ltr'>altaria</span> <span class='ocrx_word' id='word_1_83' title='bbox 649 1252 692 1286; x_wconf 91' lang='lat' dir='ltr'>et</span> <span class='ocrx_word' id='word_1_84' title='bbox 714 1243 931 1298; x_wconf 79' lang='lat' dir='ltr'>victimas,</span> <span class='ocrx_word' id='word_1_85' title='bbox 955 1240 1242 1303; x_wconf 84' lang='lat' dir='ltr'>ardentesque</span> <span class='ocrx_word' id='word_1_86' title='bbox 1269 1240 1408 1297; x_wconf 84' lang='lat' dir='ltr'>tedas,</span> <span class='ocrx_word' id='word_1_87' title='bbox 1432 1240 1538 1284; x_wconf 86' lang='lat' dir='ltr'>den-</span> 
     </span>
     <span class='ocr_line' id='line_1_14' title="bbox 167 1322 1542 1384; baseline -0.001 -17"><span class='ocrx_word' id='word_1_88' title='bbox 167 1323 338 1367; x_wconf 82' lang='lat' dir='ltr'>sissimo</span> <span class='ocrx_word' id='word_1_89' title='bbox 373 1333 415 1367; x_wconf 90' lang='lat' dir='ltr'>et</span> <span class='ocrx_word' id='word_1_90' title='bbox 452 1322 672 1366; x_wconf 82' lang='lat' dir='ltr'>laetissimo</span> <span class='ocrx_word' id='word_1_91' title='bbox 706 1323 937 1367; x_wconf 88' lang='lat' dir='ltr'>obviorum</span> <span class='ocrx_word' id='word_1_92' title='bbox 975 1323 1146 1384; x_wconf 82' lang='lat' dir='ltr'>agmine</span> <span class='ocrx_word' id='word_1_93' title='bbox 1180 1323 1378 1379; x_wconf 83' lang='lat' dir='ltr'>incessit,</span> <span class='ocrx_word' id='word_1_94' title='bbox 1413 1339 1542 1383; x_wconf 90' lang='lat' dir='ltr'>super</span> 
     </span>
     <span class='ocr_line' id='line_1_15' title="bbox 167 1402 1540 1466; baseline -0.001 -20"><span class='ocrx_word' id='word_1_95' title='bbox 167 1402 310 1447; x_wconf 87' lang='lat' dir='ltr'>fausta</span> <span class='ocrx_word' id='word_1_96' title='bbox 336 1403 482 1447; x_wconf 88' lang='lat' dir='ltr'>omina</span> <span class='ocrx_word' id='word_1_97' title='bbox 507 1402 632 1447; x_wconf 74' lang='lat' dir='ltr'>siclus</span> <span class='ocrx_word' id='word_1_98' title='bbox 664 1412 703 1446; x_wconf 91' lang='lat' dir='ltr'>et</span> <span class='ocrx_word' id='word_1_99' title='bbox 729 1402 907 1465; x_wconf 75' lang='lat' dir='ltr'>pullum</span> <span class='ocrx_word' id='word_1_100' title='bbox 941 1413 982 1446; x_wconf 90' lang='lat' dir='ltr'>et</span> <span class='ocrx_word' id='word_1_101' title='bbox 1004 1418 1213 1466; x_wconf 75' lang='lat' dir='ltr'>pappum</span> <span class='ocrx_word' id='word_1_102' title='bbox 1240 1412 1282 1447; x_wconf 90' lang='lat' dir='ltr'>et</span> <span class='ocrx_word' id='word_1_103' title='bbox 1311 1402 1540 1447; x_wconf 75' lang='lat' dir='ltr'>alumnum</span> 
     </span>
     <span class='ocr_line' id='line_1_16' title="bbox 166 1481 498 1544; baseline -0.003 -17"><span class='ocrx_word' id='word_1_104' title='bbox 166 1481 498 1544; x_wconf 86' lang='lat' dir='ltr'>appellantium.</span> 
     </span>
    </p>

    <p class='ocr_par' dir='ltr' id='par_1_4' title="bbox 166 1565 1555 2674">
     <span class='ocr_line' id='line_1_17' title="bbox 230 1565 1544 1626; baseline 0 -19"><span class='ocrx_word' id='word_1_105' title='bbox 230 1565 350 1609; x_wconf 89' lang='lat' dir='ltr'><strong>XIV.</strong></span> <span class='ocrx_word' id='word_1_106' title='bbox 385 1567 677 1626; x_wconf 88' lang='lat' dir='ltr'>Ingressoque</span> <span class='ocrx_word' id='word_1_107' title='bbox 712 1565 907 1620; x_wconf 85' lang='lat' dir='ltr'>Urbem,</span> <span class='ocrx_word' id='word_1_108' title='bbox 941 1566 1087 1609; x_wconf 88' lang='lat' dir='ltr'>statim</span> <span class='ocrx_word' id='word_1_109' title='bbox 1121 1581 1335 1610; x_wconf 90' lang='lat' dir='ltr'>consensu</span> <span class='ocrx_word' id='word_1_110' title='bbox 1370 1573 1544 1609; x_wconf 88' lang='lat' dir='ltr'>senatus</span> 
     </span>
     <span class='ocr_line' id='line_1_18' title="bbox 166 1645 1544 1706; baseline 0.001 -18"><span class='ocrx_word' id='word_1_111' title='bbox 166 1654 208 1689; x_wconf 93' lang='lat' dir='ltr'>et</span> <span class='ocrx_word' id='word_1_112' title='bbox 230 1645 516 1706; x_wconf 85' lang='lat' dir='ltr'>irrumpentis</span> <span class='ocrx_word' id='word_1_113' title='bbox 536 1646 579 1688; x_wconf 91' lang='lat' dir='ltr'>in</span> <span class='ocrx_word' id='word_1_114' title='bbox 609 1646 774 1689; x_wconf 89' lang='lat' dir='ltr'>curiam</span> <span class='ocrx_word' id='word_1_115' title='bbox 797 1645 954 1702; x_wconf 83' lang='lat' dir='ltr'>turbae,</span> <span class='ocrx_word' id='word_1_116' title='bbox 974 1646 1096 1691; x_wconf 87' lang='lat' dir='ltr'>irrita</span> <span class='ocrx_word' id='word_1_117' title='bbox 1113 1647 1277 1691; x_wconf 88' lang='lat' dir='ltr'>Tiberii</span> <span class='ocrx_word' id='word_1_118' title='bbox 1299 1645 1544 1702; x_wconf 84' lang='lat' dir='ltr'>voluntate,</span> 
     </span>
     <span class='ocr_line' id='line_1_19' title="bbox 168 1724 1545 1789; baseline 0.001 -21"><span class='ocrx_word' id='word_1_119' title='bbox 168 1726 243 1786; x_wconf 89' lang='lat' dir='ltr'>qui</span> <span class='ocrx_word' id='word_1_120' title='bbox 277 1734 538 1770; x_wconf 88' lang='lat' dir='ltr'>testamento</span> <span class='ocrx_word' id='word_1_121' title='bbox 578 1724 764 1770; x_wconf 86' lang='lat' dir='ltr'>alterum</span> <span class='ocrx_word' id='word_1_122' title='bbox 801 1737 1006 1788; x_wconf 89' lang='lat' dir='ltr'>nepotem</span> <span class='ocrx_word' id='word_1_123' title='bbox 1042 1744 1200 1786; x_wconf 85' lang='lat' dir='ltr'>suum,</span> <span class='ocrx_word' id='word_1_124' title='bbox 1239 1737 1545 1789; x_wconf 80' lang='lat' dir='ltr'>praetextatum</span> 
     </span>
     <span class='ocr_line' id='line_1_20' title="bbox 169 1806 1547 1870; baseline 0.001 -20"><span class='ocrx_word' id='word_1_125' title='bbox 169 1806 332 1863; x_wconf 85' lang='lat' dir='ltr'>adhue,</span> <span class='ocrx_word' id='word_1_126' title='bbox 352 1807 610 1851; x_wconf 89' lang='lat' dir='ltr'>coheredem</span> <span class='ocrx_word' id='word_1_127' title='bbox 635 1808 673 1851; x_wconf 92' lang='lat' dir='ltr'>ei</span> <span class='ocrx_word' id='word_1_128' title='bbox 698 1807 897 1865; x_wconf 82' lang='lat' dir='ltr'>dederat,</span> <span class='ocrx_word' id='word_1_129' title='bbox 915 1810 986 1870; x_wconf 85' lang='lat' dir='ltr'>jus</span> <span class='ocrx_word' id='word_1_130' title='bbox 1007 1809 1326 1869; x_wconf 88' lang='lat' dir='ltr'>arbitriumque</span> <span class='ocrx_word' id='word_1_131' title='bbox 1347 1810 1547 1853; x_wconf 87' lang='lat' dir='ltr'>omnium</span> 
     </span>
     <span class='ocr_line' id='line_1_21' title="bbox 169 1885 1548 1950; baseline 0.001 -20"><span class='ocrx_word' id='word_1_132' title='bbox 169 1903 316 1931; x_wconf 89' lang='lat' dir='ltr'>rerum</span> <span class='ocrx_word' id='word_1_133' title='bbox 337 1885 399 1930; x_wconf 92' lang='lat' dir='ltr'>illi</span> <span class='ocrx_word' id='word_1_134' title='bbox 420 1887 679 1948; x_wconf 86' lang='lat' dir='ltr'>permissum</span> <span class='ocrx_word' id='word_1_135' title='bbox 702 1898 789 1945; x_wconf 89' lang='lat' dir='ltr'>est,</span> <span class='ocrx_word' id='word_1_136' title='bbox 814 1898 934 1932; x_wconf 86' lang='lat' dir='ltr'>tanta</span> <span class='ocrx_word' id='word_1_137' title='bbox 958 1888 1133 1950; x_wconf 90' lang='lat' dir='ltr'>publica</span> <span class='ocrx_word' id='word_1_138' title='bbox 1156 1887 1322 1945; x_wconf 81' lang='lat' dir='ltr'>laetitia,</span> <span class='ocrx_word' id='word_1_139' title='bbox 1341 1898 1389 1933; x_wconf 86' lang='lat' dir='ltr'>ut</span> <span class='ocrx_word' id='word_1_140' title='bbox 1409 1889 1548 1933; x_wconf 81' lang='lat' dir='ltr'>tribus</span> 
     </span>
     <span class='ocr_line' id='line_1_22' title="bbox 169 1968 1549 2030; baseline 0.001 -19"><span class='ocrx_word' id='word_1_141' title='bbox 169 1968 375 2029; x_wconf 80' lang='lat' dir='ltr'>proximis</span> <span class='ocrx_word' id='word_1_142' title='bbox 401 1969 624 2013; x_wconf 89' lang='lat' dir='ltr'>mensibus</span> <span class='ocrx_word' id='word_1_143' title='bbox 648 2004 658 2025; x_wconf 90' lang='lat'>,</span> <span class='ocrx_word' id='word_1_144' title='bbox 687 1986 737 2013; x_wconf 84' lang='lat' dir='ltr'>ac</span> <span class='ocrx_word' id='word_1_145' title='bbox 766 1986 820 2013; x_wconf 92' lang='lat' dir='ltr'>ne</span> <span class='ocrx_word' id='word_1_146' title='bbox 851 1971 951 2015; x_wconf 90' lang='lat' dir='ltr'>totis</span> <span class='ocrx_word' id='word_1_147' title='bbox 982 1969 1187 2030; x_wconf 89' lang='lat' dir='ltr'>quidem,</span> <span class='ocrx_word' id='word_1_148' title='bbox 1217 1987 1348 2030; x_wconf 87' lang='lat' dir='ltr'>supra</span> <span class='ocrx_word' id='word_1_149' title='bbox 1372 1980 1549 2014; x_wconf 90' lang='lat' dir='ltr'>centum</span> 
     </span>
     <span class='ocr_line' id='line_1_23' title="bbox 171 2048 1550 2110; baseline 0 -18"><span class='ocrx_word' id='word_1_150' title='bbox 171 2049 395 2110; x_wconf 85' lang='lat' dir='ltr'>sexaginta</span> <span class='ocrx_word' id='word_1_151' title='bbox 442 2048 579 2093; x_wconf 80' lang='lat' dir='ltr'>millia</span> <span class='ocrx_word' id='word_1_152' title='bbox 625 2051 904 2094; x_wconf 86' lang='lat' dir='ltr'>victimarum</span> <span class='ocrx_word' id='word_1_153' title='bbox 954 2067 1061 2095; x_wconf 85' lang='lat' dir='ltr'>caesa</span> <span class='ocrx_word' id='word_1_154' title='bbox 1105 2050 1350 2094; x_wconf 86' lang='lat' dir='ltr'>tradantur.</span> <span class='ocrx_word' id='word_1_155' title='bbox 1400 2051 1550 2107; x_wconf 88' lang='lat' dir='ltr'>Quum</span> 
     </span>
     <span class='ocr_line' id='line_1_24' title="bbox 173 2128 1551 2192; baseline 0.001 -21"><span class='ocrx_word' id='word_1_156' title='bbox 173 2128 333 2172; x_wconf 89' lang='lat' dir='ltr'>deinde</span> <span class='ocrx_word' id='word_1_157' title='bbox 363 2146 524 2191; x_wconf 86' lang='lat' dir='ltr'>paucos</span> <span class='ocrx_word' id='word_1_158' title='bbox 551 2141 649 2191; x_wconf 90' lang='lat' dir='ltr'>post</span> <span class='ocrx_word' id='word_1_159' title='bbox 675 2130 767 2175; x_wconf 90' lang='lat' dir='ltr'>dies</span> <span class='ocrx_word' id='word_1_160' title='bbox 790 2131 834 2174; x_wconf 92' lang='lat' dir='ltr'>in</span> <span class='ocrx_word' id='word_1_161' title='bbox 861 2132 1081 2192; x_wconf 86' lang='lat' dir='ltr'>proximas</span> <span class='ocrx_word' id='word_1_162' title='bbox 1111 2131 1362 2191; x_wconf 71' lang='lat' dir='ltr'>Campaniae</span> <span class='ocrx_word' id='word_1_163' title='bbox 1388 2129 1551 2174; x_wconf 81' lang='lat' dir='ltr'>insulas</span> 
     </span>
     <span class='ocr_line' id='line_1_25' title="bbox 174 2209 1551 2272; baseline 0.001 -20"><span class='ocrx_word' id='word_1_164' title='bbox 174 2209 435 2269; x_wconf 82' lang='lat' dir='ltr'>trajecisset,</span> <span class='ocrx_word' id='word_1_165' title='bbox 460 2220 561 2253; x_wconf 88' lang='lat' dir='ltr'>vota</span> <span class='ocrx_word' id='word_1_166' title='bbox 589 2227 668 2271; x_wconf 87' lang='lat' dir='ltr'>pro</span> <span class='ocrx_word' id='word_1_167' title='bbox 697 2211 841 2255; x_wconf 84' lang='lat' dir='ltr'>reditu</span> <span class='ocrx_word' id='word_1_168' title='bbox 867 2222 1066 2272; x_wconf 82' lang='lat' dir='ltr'>suscepta</span> <span class='ocrx_word' id='word_1_169' title='bbox 1092 2221 1214 2268; x_wconf 70' lang='lat' dir='ltr'>suut,</span> <span class='ocrx_word' id='word_1_170' title='bbox 1244 2228 1297 2255; x_wconf 90' lang='lat' dir='ltr'>nc</span> <span class='ocrx_word' id='word_1_171' title='bbox 1325 2211 1551 2255; x_wconf 83' lang='lat' dir='ltr'>minimam</span> 
     </span>
     <span class='ocr_line' id='line_1_26' title="bbox 175 2289 1552 2351; baseline 0.001 -19"><span class='ocrx_word' id='word_1_172' title='bbox 175 2289 354 2349; x_wconf 88' lang='lat' dir='ltr'>quidem</span> <span class='ocrx_word' id='word_1_173' title='bbox 386 2291 659 2334; x_wconf 88' lang='lat' dir='ltr'>occasionem</span> <span class='ocrx_word' id='word_1_174' title='bbox 694 2307 916 2351; x_wconf 88' lang='lat' dir='ltr'>quoquam</span> <span class='ocrx_word' id='word_1_175' title='bbox 946 2293 1175 2335; x_wconf 86' lang='lat' dir='ltr'>omittente</span> <span class='ocrx_word' id='word_1_176' title='bbox 1205 2293 1249 2335; x_wconf 93' lang='lat' dir='ltr'>in</span> <span class='ocrx_word' id='word_1_177' title='bbox 1282 2290 1552 2335; x_wconf 77' lang='lat' dir='ltr'>testificanda</span> 
     </span>
     <span class='ocr_line' id='line_1_27' title="bbox 176 2368 1553 2433; baseline 0.001 -20"><span class='ocrx_word' id='word_1_178' title='bbox 176 2368 470 2414; x_wconf 87' lang='lat' dir='ltr'>sollicitudine</span> <span class='ocrx_word' id='word_1_179' title='bbox 505 2380 547 2414; x_wconf 87' lang='lat' dir='ltr'>ct</span> <span class='ocrx_word' id='word_1_180' title='bbox 581 2388 686 2414; x_wconf 85' lang='lat' dir='ltr'>cura</span> <span class='ocrx_word' id='word_1_181' title='bbox 720 2371 772 2414; x_wconf 83' lang='lat' dir='ltr'>de</span> <span class='ocrx_word' id='word_1_182' title='bbox 808 2371 1106 2416; x_wconf 81' lang='lat' dir='ltr'>incolumitate</span> <span class='ocrx_word' id='word_1_183' title='bbox 1142 2373 1247 2433; x_wconf 89' lang='lat' dir='ltr'>ejus.</span> <span class='ocrx_word' id='word_1_184' title='bbox 1275 2375 1338 2417; x_wconf 85' lang='lat' dir='ltr'>Ut</span> <span class='ocrx_word' id='word_1_185' title='bbox 1373 2389 1473 2416; x_wconf 87' lang='lat' dir='ltr'>vcro</span> <span class='ocrx_word' id='word_1_186' title='bbox 1509 2373 1553 2415; x_wconf 87' lang='lat' dir='ltr'>iu</span> 
     </span>
     <span class='ocr_line' id='line_1_28' title="bbox 177 2449 1553 2514; baseline -0.001 -20"><span class='ocrx_word' id='word_1_187' title='bbox 177 2449 405 2494; x_wconf 84' lang='lat' dir='ltr'>adversam</span> <span class='ocrx_word' id='word_1_188' title='bbox 441 2450 734 2495; x_wconf 80' lang='lat' dir='ltr'>valetudinem</span> <span class='ocrx_word' id='word_1_189' title='bbox 775 2451 956 2506; x_wconf 85' lang='lat' dir='ltr'>incidit,</span> <span class='ocrx_word' id='word_1_190' title='bbox 994 2453 1353 2514; x_wconf 86' lang='lat' dir='ltr'>pernoctantibus</span> <span class='ocrx_word' id='word_1_191' title='bbox 1386 2452 1553 2495; x_wconf 88' lang='lat' dir='ltr'>cunctis</span> 
     </span>
     <span class='ocr_line' id='line_1_29' title="bbox 181 2529 1555 2593; baseline 0.001 -20"><span class='ocrx_word' id='word_1_192' title='bbox 181 2531 295 2574; x_wconf 87' lang='lat' dir='ltr'>circa</span> <span class='ocrx_word' id='word_1_193' title='bbox 333 2529 570 2592; x_wconf 83' lang='lat' dir='ltr'>palatium,</span> <span class='ocrx_word' id='word_1_194' title='bbox 602 2549 689 2575; x_wconf 90' lang='lat' dir='ltr'>non</span> <span class='ocrx_word' id='word_1_195' title='bbox 724 2532 982 2587; x_wconf 83' lang='lat' dir='ltr'>defuerunt,</span> <span class='ocrx_word' id='word_1_196' title='bbox 1015 2533 1117 2592; x_wconf 87' lang='lat' dir='ltr'>qui,</span> <span class='ocrx_word' id='word_1_197' title='bbox 1152 2532 1479 2593; x_wconf 84' lang='lat' dir='ltr'>depugnaturos</span> <span class='ocrx_word' id='word_1_198' title='bbox 1511 2547 1555 2574; x_wconf 86' lang='lat' dir='ltr'>sc</span> 
     </span>
     <span class='ocr_line' id='line_1_30' title="bbox 183 2604 1554 2674; baseline 0.001 -20"><span class='ocrx_word' id='word_1_199' title='bbox 183 2612 313 2655; x_wconf 85' lang='lat' dir='ltr'>armis</span> <span class='ocrx_word' id='word_1_200' title='bbox 340 2628 420 2673; x_wconf 91' lang='lat' dir='ltr'>pro</span> <span class='ocrx_word' id='word_1_201' title='bbox 445 2604 582 2656; x_wconf 82' lang='lat' dir='ltr'>salute</span> <span class='ocrx_word' id='word_1_202' title='bbox 610 2615 711 2673; x_wconf 65' lang='lat' dir='ltr'>aegri</span> <span class='ocrx_word' id='word_1_203' title='bbox 729 2648 740 2669; x_wconf 90' lang='lat'>,</span> <span class='ocrx_word' id='word_1_204' title='bbox 767 2615 929 2674; x_wconf 84' lang='lat' dir='ltr'>quique</span> <span class='ocrx_word' id='word_1_205' title='bbox 956 2615 1099 2674; x_wconf 77' lang='lat' dir='ltr'>capita</span> <span class='ocrx_word' id='word_1_206' title='bbox 1128 2631 1203 2656; x_wconf 81' lang='lat' dir='ltr'>sua</span> <span class='ocrx_word' id='word_1_207' title='bbox 1235 2612 1362 2656; x_wconf 83' lang='lat' dir='ltr'>titulo</span> <span class='ocrx_word' id='word_1_208' title='bbox 1393 2628 1554 2673; x_wconf 87' lang='lat' dir='ltr'>propo-</span> 
     </span>
    </p>
   </div>
   <div class='ocr_carea' id='block_1_3' title="bbox 182 2692 1554 2739">
    <p class='ocr_par' dir='ltr' id='par_1_5' title="bbox 182 2692 1554 2739">
     <span class='ocr_line' id='line_1_31' title="bbox 182 2692 1554 2739; baseline 0.001 -4"><span class='ocrx_word' id='word_1_209' title='bbox 182 2692 264 2736; x_wconf 87' lang='lat' dir='ltr'>sito</span> <span class='ocrx_word' id='word_1_210' title='bbox 301 2703 520 2737; x_wconf 81' lang='lat' dir='ltr'>voverent.</span> <span class='ocrx_word' id='word_1_211' title='bbox 562 2695 747 2738; x_wconf 78' lang='lat' dir='ltr'>Accessit</span> <span class='ocrx_word' id='word_1_212' title='bbox 784 2695 837 2738; x_wconf 86' lang='lat' dir='ltr'>ad</span> <span class='ocrx_word' id='word_1_213' title='bbox 875 2696 1133 2738; x_wconf 74' lang='lat' dir='ltr'>immensum</span> <span class='ocrx_word' id='word_1_214' title='bbox 1171 2695 1329 2739; x_wconf 77' lang='lat' dir='ltr'>civium</span> <span class='ocrx_word' id='word_1_215' title='bbox 1363 2710 1554 2737; x_wconf 81' lang='lat' dir='ltr'>amorem</span> 
     </span>
    </p>
   </div>
  </div>
 </body>
</html>
