1988 3407
590 256 639 290 m
669 258 707 289 (2.
739 257 768 289 J.
800 254 1054 289 CAESAREM.
1435 267 1502 299 ιη

196 331 369 366 Restituit.
393 332 506 373 Veli..
537 344 594 375 11,
624 332 669 372 43
706 345 712 365 :
747 331 959 365 «Restituta
992 330 1028 364 in
1060 330 1254 375 aedilitate,
1286 332 1507 368 adversante

139 392 289 438 quidem
319 393 535 437 nobilitate,
556 399 798 428 monumenta
818 391 856 427 C.
879 392 1000 426 Marii.
1024 410 1037 422 u

189 455 234 488 In
253 456 512 489 exercenda...
540 455 753 501 quaestione.
776 474 827 479 —
848 454 1033 488 Exeroere
1057 454 1300 502 qucesu'onem
1322 457 1379 490 vel
1399 469 1505 504 qute-

139 515 251 549 stioni
270 516 328 550 vel
348 515 490 561 judicio
509 527 682 562 praeesse.
705 514 800 558 Cic.,
827 515 874 548 de
894 514 1013 548 Finib.
1028 540 1037 556 ‚
1066 527 1120 558 ιι,
1151 514 1194 549 ι6
1226 529 1232 546 z
1257 516 1365 559 «Qui
1388 529 1506 563 quum

134 582 273 622 praetor
291 577 532 624 quaestionem
553 576 649 611 inter
674 575 826 610 sicarios
846 575 1111 611 exercuisset.»
1132 577 1219 611 Νοη
1241 582 1364 611 tamen
1388 578 1506 614 Caesar

134 645 272 684 praetor
293 638 363 673 fuit
384 645 472 672 tunc
492 637 691 684 temporis,
710 637 794 681 sed,
816 637 957 684 optime
978 637 1137 672 docente
1160 638 1404 683 Casaubono,
1420 648 1505 687 post

134 698 343 735 aedilitatem
375 699 492 734 factus
523 705 575 733 est
604 697 722 744 judex
756 698 996 746 quoestiom's,
1025 698 1133 745 eique
1173 699 1324 745 praetori
1353 712 1505 748 operam

133 759 305 805 navavit,
325 760 386 795 cui
406 767 505 795 sorte
525 759 732 807 contigerat
751 760 908 807 quoestio
936 760 1032 795 inter
1055 759 1214 795 sicarios.

187 821 471 868 Pmscriptz'one.
494 821 538 855 Η.
560 833 589 855 e.
618 827 788 868 tempore
808 821 1093 868 proscriptionis
1114 822 1285 859 Sullanam

187 883 355 931 Legibus.
377 882 478 917 Latis
497 886 538 917 A.
567 883 612 917 U.
635 883 705 926 671
719 910 729 927 ‚
750 895 770 918 a
789 884 830 918 L.
853 884 964 918 Corn.
984 884 1082 931 Sylla
1104 883 1299 918 dictatore.
1329 881 1376 916 H.
1396 886 1441 930 1.‚
1471 894 1506 921 ut

133 951 233 980 recte
257 944 309 980 Cl.
331 945 436 979 Hase
454 944 673 990 adnotavit,
694 947 795 992 leges
817 944 1000 980 Cornelc'oe
1020 944 1210 989 dicuntur,
1239 945 1289 979 ob
1310 946 1412 980 varia
1443 958 1505 981 ca—

132 1007 209 1054 pita
235 1005 326 1055 legis
343 1017 383 1042 re
403 1017 488 1041 vera
516 1006 631 1040 unlus.

184 1068 267 1103 Cn.
289 1068 376 1103 XII.
395 1067 623 1103 Sabor-navit.
646 1067 818 1102 subaudi
846 1068 885 1101 T.
910 1067 1053 1101 Attium
1076 1067 1278 1101 Labienum
1293 1096 1301 1111 ‚
1326 1068 1506 1102 tribunum

127 1129 261 1176 plebis.

188 1190 226 1225 C.
248 1190 407 1225 Rabirio.
430 1189 610 1225 Cicerone
632 1197 667 1224 et
691 1190 893 1225 Hortensio
916 1190 1215 1224 defendentibus.

187 1252 468 1286 perduellionis.
492 1251 610 1286 Pitisc.
625 1279 634 1295 ,
658 1254 744 1286 Ant.
767 1264 877 1292 rom.,
901 1252 937 1285 in
961 1252 1171 1286 Perduellc'o
1192 1265 1203 1284 .·
1225 1268 1237 1280 «ι
1263 1251 1411 1286 Crimen
1432 1259 1482 1286 cst
1498 1279 1506 1294 ‚

133 1311 239 1359 quod
264 1324 332 1347 nos
356 1312 419 1347 vix
440 1324 460 1347 a
473 1312 672 1358 majestatis
692 1312 845 1347 crimine
860 1312 1143 1359 distinguimus,
1165 1324 1241 1358 quo
1257 1311 1417 1346 hostium
1433 1324 1507 1346 nn-

132 1386 234 1409 mero
261 1374 483 1418 habebatur,
503 1373 568 1421 qui
594 1374 862 1420 rempublicam
883 1373 1008 1408 hostili
1030 1374 1155 1408 animo
1176 1373 1334 1408 laesisset.
1349 1390 1362 1404 »
1379 1374 1507 1408 Paullo

133 1434 227 1469 infra
250 1448 257 1469 ε
278 1449 297 1467 α
310 1435 578 1469 Pet-duellioni:
593 1434 685 1483 (scil.
701 1434 853 1482 crimen)
874 1434 992 1469 civem
1011 1447 1208 1469 romanum
1229 1441 1360 1469 contra
1379 1433 1439 1479 jus
1462 1435 1508 1468 li-

132 1496 284 1532 bertatis
309 1495 380 1531 sibi
401 1495 544 1544 leg-ibus
559 1523 568 1540 ‚
589 1495 718 1530 Porcia
739 1496 898 1531 maxime
919 1503 953 1530 et
981 1495 1225 1543 Sempronia,
1247 1508 1448 1539 concessae‚
1471 1496 1506 1530 in

131 1569 276 1592 crucem
295 1558 446 1602 tollere,
464 1563 526 1592 aut
549 1556 668 1592 securi
687 1563 886 1603 percutere
900 1585 909 1601 ‚
930 1564 993 1592 aut
1022 1557 1057 1592 in
1081 1557 1278 1591 lautumias
1299 1557 1506 1603 conjicere,

131 1627 195 1655 aut
217 1620 427 1656 verberare.
446 1637 461 1652 υ

186 1681 359 1730 Aliquot..
379 1681 474 1726 Cic.,
495 1682 533 1716 in
554 1682 700 1723 Pisorr,
725 1694 757 1716 u
779 1694 786 1716 :
811 1682 1096 1730 Quadraginta;
1125 1683 1191 1718 sed
1212 1686 1348 1718 Ascon.
1379 1689 1506 1717 monet

132 1760 146 1775 ι
169 1743 326 1790 perinde
354 1742 612 1790 accipiendum
638 1755 679 1778 ac
708 1743 736 1778 si
766 1743 902 1778 dixerit
926 1756 1048 1792 prope
1073 1745 1338 1792 quadraginta.
1356 1759 1373 1776 n
1408 1744 1482 1778 Dio
1498 1771 1506 1787 ‚

132 1815 263 1838 xxxvii
277 1830 287 1847 ,
314 1809 357 1846 [μ
371 1831 381 1848 ,
399 1816 465 1838 sex
484 1812 520 1838 et
538 1805 691 1852 triginta
711 1804 814 1839 dicit.

184 1865 319 1899 ludet.
342 1865 542 1899 Duumviri
563 1865 599 1899 in
621 1877 729 1900 causa
750 1866 1020 1912 perduellionis
1040 1866 1261 1912 judicabant
1280 1895 1288 1911 ‚
1317 1879 1336 1901 a
1365 1867 1506 1913 quibus

131 1925 177 1960 ad
198 1925 382 1972 populum
413 1937 619 1972 provocare
653 1926 808 1970 licebat,
838 1927 903 1973 qui
933 1927 1092 1962 comitiis
1123 1928 1337 1962 centuriatis
1365 1928 1411 1962 de
1440 1941 1506 1962 reo

131 1986 308 2036 suffragia
322 1986 476 2022 serebat.
499 1987 583 2022 Non
605 1987 674 2022 fuit
695 2000 784 2036 ergo
795 1988 916 2032 judex
935 1990 1151 2036 quaestionis
1171 1991 1290 2024 Coesar
1306 1990 1342 2023 iu
1361 1989 1504 2034 judii-io

132 2048 295 2093 Rabirii,
316 2055 356 2084 ut
377 2049 497 2084 voluit
517 2049 726 2084 Casaubon.

190 2111 282 2145 Tam
306 2111 447 2158 cupide.
469 2111 513 2146 H.
536 2124 566 2146 e.
588 2118 691 2146 tanto
714 2111 838 2146 studio
860 2112 1033 2159 partium.
1055 2113 1150 2157 Cic.,
1175 2125 1249 2159 pro
1273 2114 1378 2147 Font.
1393 2141 1403 2155 ,
1426 2126 1464 2147 ix
1493 2126 1499 2146 :

130 2188 144 2200 n
161 2171 483 2218 Induciomarum‚
503 2174 611 2208 talem
632 2174 750 2208 virum
764 2202 773 2219 ‚
795 2181 867 2209 tam
884 2173 1040 2221 cupide,
1062 2181 1135 2209 tam
1161 2181 1298 2210 temere
1325 2174 1505 2210 dixisse.»

185 2234 269 2268 Cn.
290 2234 393 2269 xm.
420 2235 538 2270 petiit.
567 2237 617 2270 M.
641 2235 765 2270 Tullio
788 2236 969 2272 Cicerone
995 2243 1030 2270 et
1052 2237 1091 2272 C.
1115 2237 1282 2271 Antonio
1312 2249 1393 2271 coss
1421 2265 1429 2282 ,
1459 2240 1501 2271 A.

132 2297 176 2331 U.
201 2295 291 2343 691.

183 2357 403 2404 Largitione.
426 2357 481 2393 Ad
504 2359 600 2393 hunc
626 2359 805 2394 honorem
831 2360 899 2393 sibi
921 2360 1014 2394 viam
1031 2360 1135 2403 fecit,
1162 2372 1277 2407 quum
1303 2360 1499 2407 largitione

130 2418 167 2453 in
188 2418 393 2463 tenuiores,
407 2425 484 2453 tum
505 2420 716 2466 potentium
731 2422 973 2456 assectatione
987 2421 1034 2456 ad
1054 2421 1259 2456 soeditatem
1274 2421 1500 2456 adulationis

132 2492 261 2528 usque·
286 2480 381 2524 DlO,
403 2493 537 2516 xxxvl!
556 2509 564 2523 ,
592 2495 627 2528 p-
652 2487 696 2526 [07
722 2496 728 2515 :
755 2485 842 2521 (ὧδὲ
869 2490 975 2533 ἔμελέν
998 2489 1025 2521 αἱ
1045 2494 1099 2526 τῆς
1122 2489 1239 2521 ›2³2er
1267 2491 1496 2527 ταπιινότῑτος

129 2548 202 2591 πρὸς
225 2549 279 2583 τὴν
307 2549 341 2580 ix
359 2552 412 2581 ταῦ
436 2550 549 2582 iniit-1.
573 2550 673 2593 ἰσχύν·
696 2551 762 2582 ἀλλ’
777 2547 816 2582 ὧν
840 2551 992 2594 ἐπεχιίριι
1014 2555 1213 2594 πρωτεῦσιι,
1237 2552 1363 2587 rozi-reu:
1382 2553 1419 2588 ὡς
1443 2552 1500 2584 καὶ

130 2610 286 2652 quinon<
307 2612 477 2653 ὑπήρχετο-

182 2665 455 2713 s'ompelitores.
483 2672 527 2711 Q.
551 2669 722 2703 Catulum
746 2674 781 2702 et
804 2669 839 2703 P.
863 2669 1077 2703 lsanricmn.
