1971 3342
439 267 448 287 1
460 255 505 290 26
1036 253 1185 289 NOTAE

488 332 648 366 Ciuitate.
670 332 714 366 H.
736 343 765 365 e.
785 330 866 376 jure
887 329 1149 377 suffragiorum
1176 337 1212 364 et
1240 330 1445 373 honorum,
1475 329 1578 376 quod
1606 341 1625 365 a
1648 330 1787 365 Caesare

432 391 613 427 dictatore
638 392 850 439 impetrasse
878 398 1008 426 auctor
1027 391 1126 435 Dio,
1151 404 1234 434 xm,
1256 389 1314 425 36.

481 453 564 487 Cn.
587 454 654 488 IX.
679 452 877 487 Consulan'.
900 452 1142 487 Consulatum
1162 459 1321 499 gesserat
1340 464 1424 486 curn
1444 451 1621 498 Pompeio
1650 454 1788 500 Magno

432 515 472 547 A.
493 514 538 548 U.
560 513 646 556 684.

481 575 657 609 Ambitus.
683 575 830 610 Crimen
855 574 1011 609 honoris
1034 574 1198 609 affectati
1224 586 1291 621 per
1310 574 1421 608 malas
1446 581 1554 610 artes,

484 635 751 671 Condemnatic.
772 637 872 684 Lege
886 635 1084 682 Calpurnia
1097 635 1144 670 de
1155 635 1316 680 ambitu,
1331 647 1443 681 quam
1464 635 1548 669 tulit
1569 636 1609 670 C.
1630 636 1789 683 Calpur-

427 695 510 730 nius
534 696 616 731 Piso
645 699 773 732 consul
796 699 839 731 A.
868 697 912 731 U.
934 696 1020 731 686.

480 760 525 791 Itz
550 758 712 792 historia.
736 759 873 792 Seneca
888 786 896 801 ‚
916 757 1039 804 Epist.
1061 769 1157 792 xcm
1180 771 1186 791 :
1209 774 1222 788 «
1241 759 1396 792 Annales
1414 757 1566 793 Tanusii
1583 759 1652 793 scis
1676 772 1786 807 quam

427 829 504 852 non
530 818 658 853 decori
677 819 767 862 sint,
793 825 829 853 et
857 818 949 864 quid
968 825 1161 852 vocentur.
1187 835 1199 847 n

481 881 525 912 In
536 880 687 914 Edictis.
701 900 751 905 —
767 879 1003 913 Archilochia
1023 879 1244 913 dicebantur
1260 886 1417 925 propter
1430 880 1529 915 illam
1547 881 1785 917 acerbitatem

429 950 502 985 qua
521 939 559 973 in
571 941 747 974 Caesarem
768 939 922 974 Bibulus
943 940 1205 983 invehebatur,
1226 946 1318 974 teste
1329 940 1403 975 Cic.
1423 942 1478 975 ad
1493 943 1607 976 Attc'c.
1620 969 1631 984 ,
1655 955 1702 986 11,
1728 956 1784 990 19.

483 1000 519 1034 C.
537 1000 652 1034 Curio.
675 1000 813 1034 Consul
834 1000 901 1033 fuit
922 1012 1005 1034 cum
1026 1001 1090 1035 Cn.
1107 999 1263 1034 Octavio
1285 1003 1325 1034 A.
1348 1001 1393 1034 U.
1419 1000 1506 1045 677.
1526 1003 1581 1036 De
1601 1015 1678 1048 quo
1698 1003 1786 1049 Cic„

429 1062 532 1095 Brut.
550 1086 560 1101 ,
588 1073 649 1094 Lx.

481 1123 562 1156 Non
581 1121 722 1156 obiisse.
745 1121 790 1155 H.
813 1133 844 1156 e.
866 1121 926 1156 die
946 1120 1033 1155 caedi
1055 1122 1237 1157 destinata
1258 1134 1335 1156 non
1355 1121 1515 1157 adfuisse
1537 1123 1621 1157 loco
1647 1125 1787 1159 consti—

426 1190 518 1220 tuto.
539 1182 612 1216 Cic.
625 1209 634 1225 ,
653 1183 699 1216 cle
719 1182 864 1218 Amicic.
880 1210 889 1226 ,
905 1195 935 1217 11
958 1195 966 1215 :
988 1182 1090 1226 «Qui
1109 1182 1386 1230 diligentissime
1406 1195 1550 1230 semper
1571 1182 1673 1219 illum
1690 1186 1787 1220 diem

428 1244 558 1280 solitus
584 1250 676 1278 esset
703 1244 842 1278 obire.»

481 1305 672 1339 Provincia
700 1306 898 1352 Hispania.
921 1305 1015 1349 Dio,
1038 1317 1175 1348 xxxvi,
1203 1317 1239 1351 p.
1270 1316 1314 1338 αι
1349 1318 1356 1340 :
1390 1303 1468 1343 ἐπεὶ
1488 1307 1527 1343 δὲ
1553 1307 1600 1344 οὗν
1630 1313 1684 1345 καὶ
1704 1314 1743 1350 ὣς
1770 1315 1784 1345 ὁ

425 1372 530 1404 Πίσων
553 1373 752 1416 ἐθαρσύνετο,
779 1369 911 1416 ἐφοὲτζθη
933 1385 967 1404 τε
986 1374 1005 1408 ἡ
1024 1371 1173 1417 γερευσίσ.
1192 1373 1235 1416 μή
1266 1385 1297 1404 τι
1320 1371 1515 1416 συνταράξῃ,
1534 1371 1592 1405 καὶ
1621 1373 1704 1410 εὐθὺς
1731 1374 1784 1406 αὺ-

425 1433 475 1464 τὸν
497 1434 524 1470 ἐς
543 1426 681 1477 Ῐὲῃρίαιν,
700 1433 876 1476 πρόφασιν,
902 1435 939 1470 ὡς
961 1432 1014 1465 καὶ
1035 1434 1083 1464 ἐπ’
1104 1433 1200 1477 ἀρχὴν
1223 1445 1295 1464 τινα
1315 1432 1450 1476 ἔπεμψε.

482 1486 563 1523 Cap.
583 1489 628 1523 X.
650 1489 918 1535 Basilicas-que.
940 1489 1099 1523 Basilicae
1119 1494 1223 1522 erant
1242 1488 1324 1522 loca
1338 1487 1513 1533 adjuncta
1534 1487 1640 1532 foris,
1662 1495 1697 1523 et
1711 1501 1780 1524 ne—

426 1543 653 1596 gotiantibus
673 1548 943 1595 causidicis-que
966 1555 1101 1594 aperta.
1127 1549 1179 1582 Cf.
1202 1551 1364 1582 VlTRUv.
1381 1578 1389 1592 ,
1409 1561 1444 1593 V,
1471 1561 1501 1582 1.

482 1610 710 1643 Venationes.
738 1608 1020 1643 Exhibebantur
1037 1608 1252 1644 venationes
1276 1608 1612 1655 amphitheatrales,
1633 1609 1670 1644 in
1694 1611 1779 1656 qui-

424 1670 493 1704 bus
520 1670 578 1704 vel
598 1669 682 1703 ferae
714 1682 798 1703 cum
818 1670 921 1713 feris,
941 1672 999 1704 vel
1023 1670 1149 1705 bestiae
1174 1682 1259 1704 cum
1288 1669 1522 1714 hominibus,
1548 1671 1781 1717 pugnabant.

424 1730 478 1764 Cf.
502 1732 659 1773 Pmusc„
688 1733 771 1764 Ant.
793 1743 881 1764 rom.
897 1757 908 1773 ,
936 1730 973 1764 in
1004 1732 1169 1765 Venatio.

478 1792 624 1825 Munus.
645 1791 743 1838 Lips.
757 1820 766 1835 ‚
788 1792 930 1827 Satura.
951 1805 1009 1826 vu
1031 1805 1038 1826 ε
1060 1807 1078 1824 α
1091 1793 1349 1839 Spectaculum
1362 1792 1433 1826 hoc
1448 1792 1673 1838 appellatum
1689 1805 1784 1839 pro-

423 1852 503 1898 prie
523 1865 663 1886 munus,
689 1868 703 1883 >1
739 1853 830 1887 Inde
852 1854 1099 1895 munerarius,
1126 1853 1191 1900 qui
1211 1852 1284 1888 suis
1315 1852 1522 1899 sumptibus
1544 1865 1672 1887 munus
1699 1855 1781 1901 gla-

424 1913 625 1947 diatorium
645 1913 856 1948 exhibebat.
879 1914 932 1949 Cf.
960 1915 1099 1951 Nosm.
1146 1914 1183 1948 in
1210 1915 1370 1956 Dormit„
1396 1925 1441 1957 x;
1461 1914 1594 1956 Fron„
1616 1926 1665 1948 111
1680 1945 1688 1956 ‚
1718 1926 1778 1949 20.

477 1975 643 2008 Paribus.
679 1974 835 2021 Intellig.
863 1976 979 2021 paria
1001 1974 1286 2022 gladiatorium,
1312 1980 1404 2024 ζεύγη
1437 1980 1646 2023 μονομάχων,
1674 1981 1714 2009 ut
1746 1975 1782 2009 in

429 2035 501 2069 Tib.
516 2061 523 2075 ‚
538 2045 653 2069 xxx1v
667 2046 674 2067 :
688 2051 701 2065 «
715 2035 828 2069 Dedit
848 2036 950 2081 paria
970 2036 1100 2083 viginti
1121 2044 1155 2070 et
1176 2042 1347 2070 trecenta.
1371 2051 1385 2065 »

475 2098 558 2130 cip.
581 2097 650 2130 XI.
672 2097 876 2130 Provincia.
899 2098 1081 2144 AEgyptus
1105 2109 1182 2130 non
1201 2103 1278 2131 erat
1306 2095 1439 2142 populi
1458 2095 1604 2130 romani
1628 2097 1781 2143 provin-

422 2156 494 2199 cia,
520 2156 590 2191 illis
618 2157 862 2203 temporibus.
891 2158 1007 2205 Igitur
1040 2160 1074 2192 h.
1109 2159 1130 2192 l.
1157 2158 1345 2204 provincia
1373 2163 1427 2191 est
1451 2156 1615 2192 muneris
1639 2158 1780 2204 publici

422 2217 640 2263 procuratio
672 2218 727 2251 vel
761 2218 1030 2253 administratio
1069 2232 1075 2252 :
1111 2230 1381 2264 nonnunquam
1417 2217 1604 2264 privatum
1638 2231 1778 2253 munus

422 2290 574 2324 quoque
595 2278 772 2325 designat.

472 2340 679 2373 Plebisclto.
709 2340 753 2374 H.
778 2352 806 2373 e.
839 2340 996 2375 comitiis
1026 2341 1181 2375 tributis.
1209 2341 1261 2375 (If.
1295 2342 1457 2384 Prrrsc„
1484 2344 1569 2376 Ant.
1601 2352 1718 2382 rom.‚
1744 2340 1781 2375 in

422 2400 665 2435 plebiscitum.

473 2462 608 2508 Regem
628 2474 744 2496 suum.
764 2462 850 2496 Non
865 2462 933 2496 fuit
956 2461 984 2496 is
1005 2461 1209 2508 Cleopatrae
1230 2469 1345 2509 pater,
1370 2470 1410 2497 ut
1429 2475 1624 2511 perperam
1642 2462 1779 2498 intelli-

421 2521 473 2568 git
492 2522 683 2566 Torrent.;
703 2530 740 2557 at
762 2530 892 2557 contra
907 2524 1124 2557 Ptolemaios
1148 2523 1369 2567 Alexander,
1393 2537 1503 2571 quem
1523 2531 1608 2572 post
1626 2531 1778 2559 matrem

422 2582 579 2616 occisam
598 2583 847 2618 Alexandrini
863 2584 1049 2630 ejecerunt
1070 2586 1111 2618 Α.
1129 2586 1172 2619 U.
1197 2585 1282 2631 690.
1297 2585 1350 2619 Cf.
1368 2585 1531 2620 ERNEST.
1546 2574 1780 2627 Biumoiwr„

424 2643 595 2677 Element.
613 2644 704 2677 Hist.
726 2652 822 2684 ant„
845 2658 880 2690 p,
904 2645 987 2688 ⁶574.
