1971 3342
377 259 447 293 108
741 258 905 294 PUBLII
934 258 1173 293 TERENTII
1205 258 1340 293 VITA.

372 342 495 386 cadia
513 376 524 395 ,
554 340 757 397 tradunt,
787 343 867 386 Cn.
897 341 1104 386 Cornelio
1140 340 1392 399 Dolabella,
1421 343 1574 386 Marco
1602 341 1758 387 Fulvio

373 421 625 479 Nobiliore,
662 421 942 479 consulibus,
982 422 1136 466 morbo
1166 421 1429 483 implicitum
1460 424 1573 477 acri,
1604 422 1756 467 dolore

373 519 423 546 ac
447 501 576 546 taedio
598 504 856 546 amissarum
882 505 1179 558 sarcinarum,
1208 519 1315 563 quas
1339 504 1383 546 in
1407 504 1507 547 navi
1534 504 1758 564 praemise-

374 593 466 640 rat,
495 600 544 627 ac
566 583 695 627 simul
722 582 998 641 fabularum,
1023 601 1130 644 quas
1154 600 1289 627 novas
1314 583 1488 627 fecerat.
1512 585 1663 628 Fuisse
1701 583 1761 627 di-

375 664 490 708 citur
520 663 728 708 mediocri
770 673 962 717 statura,
997 662 1148 725 gracili
1189 681 1400 724 corpore⁷
1440 663 1587 708 colore
1621 664 1759 708 fusco.

374 743 570 806 Reliquit
607 743 763 801 filiam,
800 761 895 804 quae
928 754 1027 804 post
1057 745 1194 805 equiti
1222 761 1406 788 romano
1438 745 1587 805 nupsit
1616 762 1624 788 :
1657 746 1760 789 item

374 824 574 870 hortulos
600 826 754 886 viginti
777 826 983 886 jugerum
1003 826 1047 868 in
1071 825 1139 868 via
1164 825 1306 885 Appia
1330 824 1384 868 ad
1411 826 1566 869 Martis
1592 824 1757 869 villam.

375 906 479 963 Quo
503 906 641 967 magis
667 906 818 962 miror,
845 906 1048 949 Porcium
1080 906 1294 962 scribere,

986 1031 994 1038 .
1023 1031 1029 1037 .
1059 1032 1066 1038 .
1090 1004 1204 1038 ,nihil
1232 1004 1386 1039 Publius

426 1064 553 1112 Scipio
573 1065 735 1112 profuit,
758 1064 853 1099 nihil
880 1065 914 1100 ei
939 1065 1070 1100 Laelius
1084 1094 1092 1110 ,
1113 1066 1207 1100 nihil
1228 1066 1380 1101 Furius:

425 1126 516 1161 Tres
540 1139 608 1174 per
633 1126 733 1161 idem
753 1133 899 1173 tempus
921 1127 985 1174 qui
1014 1128 1208 1174 agitabant
1235 1127 1383 1162 nobiles
1410 1127 1597 1163 facillume
1613 1157 1622 1174 ‚

426 1189 567 1224 Eorum
595 1188 658 1224 ille
685 1201 798 1236 opera
825 1201 874 1223 ne
902 1188 1056 1223 domum
1083 1189 1235 1235 quidem
1261 1189 1393 1224 habuit
1417 1189 1713 1237 continenciam,

426 1251 563 1286 Saltem
584 1257 625 1286 ut
651 1257 765 1296 esset,
792 1263 870 1298 quo
894 1250 1050 1286 referret
1081 1250 1227 1285 obitum
1253 1251 1401 1285 domini
1424 1252 1610 1287 servulus.

374 1339 503 1380 Hunc
539 1335 744 1380 Afranius
783 1334 961 1396 quidem
987 1335 1193 1379 omnibus
1228 1336 1405 1379 comicis
1430 1336 1630 1397 praefert,
1662 1337 1767 1380 scri-

375 1417 482 1460 bens
507 1416 552 1459 in
579 1414 934 1476 Compitalibus:

530 1513 710 1548 Terentio
736 1526 815 1548 non
840 1513 1000 1548 similem
1020 1513 1121 1549 dices
1144 1514 1369 1560 quempiam.

377 1596 602 1641 Volcatius
621 1607 767 1640 autem
794 1613 882 1640 non
908 1596 1050 1640 solum
1074 1598 1227 1642 Naevio
1251 1608 1293 1641 et
1314 1596 1470 1641 Plauto
1499 1608 1541 1641 et
1567 1598 1765 1656 Caecilio,

376 1677 451 1721 sed
476 1677 649 1721 Licinio
685 1693 861 1737 quoque
892 1687 935 1720 et
972 1676 1125 1721 Attilio
1158 1679 1398 1738 postponit.
1435 1679 1590 1722 Cicero
1622 1679 1664 1721 in
1691 1680 1765 1723 Li-

377 1774 509 1802 mone
536 1758 749 1801 hactenus
778 1756 929 1801 laudat
959 1775 967 1800 :

457 1857 515 1891 Tu
540 1868 709 1904 quoque,
735 1855 801 1903 qui
826 1856 927 1891 solus
949 1856 1045 1891 lecto
1070 1868 1260 1901 sermone,
1285 1856 1457 1901 Terenti,

459 1920 693 1955 Conversum
719 1930 1011 1965 expressumque
1040 1917 1153 1952 latina
1181 1930 1274 1953 voce
1298 1918 1549 1953 Menandrum

454 1982 498 2017 111
516 1980 643 2016 medio
662 1979 797 2027 populi
820 1979 958 2015 sedatis
978 1979 1135 2014 vocibus
1156 1980 1287 2025 effers,

456 2042 645 2090 Quicquid
667 2054 774 2078 come
794 2042 972 2089 loquens,
992 2049 1102 2089 atque
1121 2042 1248 2076 omnia
1270 2042 1393 2076 dulcia
1416 2042 1556 2078 dicens.

377 2131 488 2172 Item
512 2128 561 2171 C.
589 2128 733 2171 Caesar
760 2143 769 2168 :

457 2224 516 2259 Tu
541 2234 709 2270 quoque,
731 2229 770 2256 tu
795 2222 835 2257 in
861 2222 1013 2257 summis
1027 2251 1036 2267 ‚
1058 2235 1081 2257 ο
1111 2222 1307 2258 dimidiate
1327 2223 1557 2269 Menander,

456 2285 629 2331 Poneris,
654 2292 690 2320 et
719 2285 875 2332 merito,
894 2284 979 2332 puri
999 2285 1182 2320 sermonis
1207 2292 1365 2320 amator.

457 2348 622 2384 Lenibus
651 2355 761 2395 atque
789 2348 934 2382 utinam
954 2347 1103 2394 scriptis
1124 2348 1300 2393 adjuncta
1324 2348 1420 2382 foret
1452 2348 1530 2394 vis,

460 2411 612 2447 Comica
640 2417 680 2445 ut
703 2418 849 2458 aequato
875 2411 993 2445 virtus
1013 2411 1174 2457 polleret
1195 2411 1343 2446 honore

457 2474 550 2509 Cum
569 2473 725 2517 Graecis;
751 2485 872 2520 neque
894 2473 931 2507 in
957 2473 1026 2507 hac
1049 2473 1244 2519 despectus
1264 2480 1369 2519 parte
1392 2473 1557 2519 jaceres!

458 2536 584 2572 Unum
612 2536 684 2571 hoc
706 2547 898 2579 maceror,
922 2541 958 2569 et
984 2535 1097 2570 doleo
1119 2535 1188 2570 tibi
1212 2536 1360 2580 deesse,
1384 2536 1547 2572 Terenti.

923 2667 1235 2681 v----——--§
1256 2675 1281 2676 ψ
