<?xml version="1.0" encoding="UTF-8"?>
<!DOCTYPE html PUBLIC "-//W3C//DTD XHTML 1.0 Transitional//EN"
    "http://www.w3.org/TR/xhtml1/DTD/xhtml1-transitional.dtd">
<html xmlns="http://www.w3.org/1999/xhtml" xml:lang="en" lang="en">
 <head>
  <title>
</title>
<meta http-equiv="Content-Type" content="text/html;charset=utf-8" />
  <meta name='ocr-system' content='tesseract 3.04.00' />
  <meta name='ocr-capabilities' content='ocr_page ocr_carea ocr_par ocr_line ocrx_word'/>
</head>
<body>
  <div class='ocr_page' id='page_1' title='image "./operagro00suetuoft_0071.png"; bbox 0 0 1988 3439; ppageno 0'>
   <div class='ocr_carea' id='block_1_1' title="bbox 656 258 1558 301">
    <p class='ocr_par' dir='ltr' id='par_1_1' title="bbox 656 258 1558 301">
     <span class='ocr_line' id='line_1_1' title="bbox 656 258 1558 301; baseline 0 -8"><span class='ocrx_word' id='word_1_1' title='bbox 656 258 694 293; x_wconf 93' lang='lat' dir='ltr'>C.</span> <span class='ocrx_word' id='word_1_2' title='bbox 722 259 887 294; x_wconf 89' lang='lat' dir='ltr'>JULIUS</span> <span class='ocrx_word' id='word_1_3' title='bbox 909 259 1088 294; x_wconf 73' lang='lat' dir='ltr'>CAESAR.</span> <span class='ocrx_word' id='word_1_4' title='bbox 1512 258 1558 301; x_wconf 70' lang='lat'>43</span> 
     </span>
    </p>
   </div>
   <div class='ocr_carea' id='block_1_2' title="bbox 187 339 1561 887">
    <p class='ocr_par' dir='ltr' id='par_1_2' title="bbox 187 339 1561 887">
     <span class='ocr_line' id='line_1_2' title="bbox 194 339 1558 402; baseline 0.001 -19"><span class='ocrx_word' id='word_1_5' title='bbox 194 339 421 402; x_wconf 80' lang='lat' dir='ltr'>dispersim</span> <span class='ocrx_word' id='word_1_6' title='bbox 446 351 571 385; x_wconf 89' lang='lat' dir='ltr'>antea</span> <span class='ocrx_word' id='word_1_7' title='bbox 598 341 764 397; x_wconf 83' lang='lat' dir='ltr'>habita,</span> <span class='ocrx_word' id='word_1_8' title='bbox 792 351 833 384; x_wconf 92' lang='lat' dir='ltr'>et</span> <span class='ocrx_word' id='word_1_9' title='bbox 859 358 954 401; x_wconf 82' lang='lat' dir='ltr'>quae</span> <span class='ocrx_word' id='word_1_10' title='bbox 981 357 1092 401; x_wconf 81' lang='lat' dir='ltr'>saepe</span> <span class='ocrx_word' id='word_1_11' title='bbox 1125 340 1214 383; x_wconf 88' lang='lat' dir='ltr'>bini</span> <span class='ocrx_word' id='word_1_12' title='bbox 1243 342 1407 385; x_wconf 88' lang='lat' dir='ltr'>ternivc</span> <span class='ocrx_word' id='word_1_13' title='bbox 1433 358 1558 402; x_wconf 88' lang='lat' dir='ltr'>cepe—</span> 
     </span>
     <span class='ocr_line' id='line_1_3' title="bbox 194 420 1558 482; baseline 0.001 -18"><span class='ocrx_word' id='word_1_14' title='bbox 194 432 318 477; x_wconf 83' lang='lat' dir='ltr'>rant,</span> <span class='ocrx_word' id='word_1_15' title='bbox 340 422 383 465; x_wconf 89' lang='lat' dir='ltr'>in</span> <span class='ocrx_word' id='word_1_16' title='bbox 412 438 546 465; x_wconf 88' lang='lat' dir='ltr'>unum</span> <span class='ocrx_word' id='word_1_17' title='bbox 578 438 727 466; x_wconf 91' lang='lat' dir='ltr'>omnes</span> <span class='ocrx_word' id='word_1_18' title='bbox 760 420 1071 465; x_wconf 85' lang='lat' dir='ltr'>contulerunt:</span> <span class='ocrx_word' id='word_1_19' title='bbox 1106 437 1160 464; x_wconf 92' lang='lat' dir='ltr'>ne</span> <span class='ocrx_word' id='word_1_20' title='bbox 1197 420 1359 482; x_wconf 89' lang='lat' dir='ltr'>populo</span> <span class='ocrx_word' id='word_1_21' title='bbox 1382 421 1558 481; x_wconf 90' lang='lat' dir='ltr'>quidem</span> 
     </span>
     <span class='ocr_line' id='line_1_4' title="bbox 187 500 1560 564; baseline 0.001 -20"><span class='ocrx_word' id='word_1_22' title='bbox 187 502 278 561; x_wconf 85' lang='lat' dir='ltr'>jam</span> <span class='ocrx_word' id='word_1_23' title='bbox 299 502 498 563; x_wconf 84' lang='lat' dir='ltr'>praesenti</span> <span class='ocrx_word' id='word_1_24' title='bbox 525 511 638 546; x_wconf 90' lang='lat' dir='ltr'>statu</span> <span class='ocrx_word' id='word_1_25' title='bbox 664 501 781 559; x_wconf 83' lang='lat' dir='ltr'>laeto,</span> <span class='ocrx_word' id='word_1_26' title='bbox 810 501 884 546; x_wconf 89' lang='lat' dir='ltr'>sed</span> <span class='ocrx_word' id='word_1_27' title='bbox 909 501 1018 546; x_wconf 88' lang='lat' dir='ltr'>clam</span> <span class='ocrx_word' id='word_1_28' title='bbox 1044 501 1273 564; x_wconf 82' lang='lat' dir='ltr'>palamque</span> <span class='ocrx_word' id='word_1_29' title='bbox 1293 500 1560 546; x_wconf 82' lang='lat' dir='ltr'>detrectante</span> 
     </span>
     <span class='ocr_line' id='line_1_5' title="bbox 192 582 1560 645; baseline 0 -19"><span class='ocrx_word' id='word_1_30' title='bbox 192 582 556 639; x_wconf 81' lang='lat' dir='ltr'>dominationem,</span> <span class='ocrx_word' id='word_1_31' title='bbox 601 594 730 645; x_wconf 90' lang='lat' dir='ltr'>atque</span> <span class='ocrx_word' id='word_1_32' title='bbox 766 595 1000 628; x_wconf 80' lang='lat' dir='ltr'>assertores</span> <span class='ocrx_word' id='word_1_33' title='bbox 1041 584 1276 645; x_wconf 81' lang='lat' dir='ltr'>flagitante.</span> <span class='ocrx_word' id='word_1_34' title='bbox 1315 584 1560 644; x_wconf 83' lang='lat' dir='ltr'>Peregrinis</span> 
     </span>
     <span class='ocr_line' id='line_1_6' title="bbox 192 662 1561 726; baseline -0.001 -19"><span class='ocrx_word' id='word_1_35' title='bbox 192 663 236 706; x_wconf 89' lang='lat' dir='ltr'>in</span> <span class='ocrx_word' id='word_1_36' title='bbox 262 674 459 708; x_wconf 91' lang='lat' dir='ltr'>senatum</span> <span class='ocrx_word' id='word_1_37' title='bbox 484 662 667 721; x_wconf 86' lang='lat' dir='ltr'>allectis,</span> <span class='ocrx_word' id='word_1_38' title='bbox 687 663 857 709; x_wconf 87' lang='lat' dir='ltr'>libellus</span> <span class='ocrx_word' id='word_1_39' title='bbox 879 666 1130 726; x_wconf 84' lang='lat' dir='ltr'>propositus</span> <span class='ocrx_word' id='word_1_40' title='bbox 1146 674 1209 708; x_wconf 87' lang='lat' dir='ltr'>est</span> <span class='ocrx_word' id='word_1_41' title='bbox 1228 681 1237 708; x_wconf 91' lang='lat'><strong>:</strong></span> <span class='ocrx_word' id='word_1_42' title='bbox 1256 666 1456 708; x_wconf 89' lang='lat' dir='ltr'>«Bonum</span> <span class='ocrx_word' id='word_1_43' title='bbox 1480 662 1561 706; x_wconf 86' lang='lat' dir='ltr'>fac-</span> 
     </span>
     <span class='ocr_line' id='line_1_7' title="bbox 191 741 1561 805; baseline -0.002 -18"><span class='ocrx_word' id='word_1_44' title='bbox 191 754 285 788; x_wconf 91' lang='lat' dir='ltr'>tum</span> <span class='ocrx_word' id='word_1_45' title='bbox 310 760 319 787; x_wconf 75' lang='grc' dir='ltr'>ε</span> <span class='ocrx_word' id='word_1_46' title='bbox 349 761 402 788; x_wconf 92' lang='lat' dir='ltr'>ne</span> <span class='ocrx_word' id='word_1_47' title='bbox 428 745 524 805; x_wconf 89' lang='lat' dir='ltr'>quis</span> <span class='ocrx_word' id='word_1_48' title='bbox 561 746 750 790; x_wconf 86' lang='lat' dir='ltr'>senatori</span> <span class='ocrx_word' id='word_1_49' title='bbox 786 763 902 791; x_wconf 91' lang='lat' dir='ltr'>novo</span> <span class='ocrx_word' id='word_1_50' title='bbox 933 747 1099 790; x_wconf 89' lang='lat' dir='ltr'>curiam</span> <span class='ocrx_word' id='word_1_51' title='bbox 1139 755 1381 789; x_wconf 84' lang='lat' dir='ltr'>monstrare</span> <span class='ocrx_word' id='word_1_52' title='bbox 1413 741 1561 787; x_wconf 86' lang='lat' dir='ltr'>velit.»</span> 
     </span>
     <span class='ocr_line' id='line_1_8' title="bbox 192 823 825 887; baseline 0.003 -19"><span class='ocrx_word' id='word_1_53' title='bbox 192 826 245 868; x_wconf 82' lang='lat' dir='ltr'>Et</span> <span class='ocrx_word' id='word_1_54' title='bbox 270 823 344 868; x_wconf 88' lang='lat' dir='ltr'>illa</span> <span class='ocrx_word' id='word_1_55' title='bbox 366 824 499 887; x_wconf 84' lang='lat' dir='ltr'>vulgo</span> <span class='ocrx_word' id='word_1_56' title='bbox 525 827 794 871; x_wconf 85' lang='lat' dir='ltr'>canebantur</span> <span class='ocrx_word' id='word_1_57' title='bbox 817 844 825 870; x_wconf 93' lang='lat'>:</span> 
     </span>
    </p>
   </div>
   <div class='ocr_carea' id='block_1_3' title="bbox 294 963 1402 1074">
    <p class='ocr_par' dir='ltr' id='par_1_3' title="bbox 294 963 1402 1074">
     <span class='ocr_line' id='line_1_9' title="bbox 294 963 1368 1013; baseline 0 -15"><span class='ocrx_word' id='word_1_58' title='bbox 294 963 422 999; x_wconf 89' lang='lat' dir='ltr'>Gallos</span> <span class='ocrx_word' id='word_1_59' title='bbox 445 963 563 999; x_wconf 86' lang='lat' dir='ltr'>Caesar</span> <span class='ocrx_word' id='word_1_60' title='bbox 583 965 621 999; x_wconf 91' lang='lat' dir='ltr'>in</span> <span class='ocrx_word' id='word_1_61' title='bbox 645 965 871 1013; x_wconf 80' lang='lat' dir='ltr'>triumphum</span> <span class='ocrx_word' id='word_1_62' title='bbox 896 965 1013 1010; x_wconf 89' lang='lat' dir='ltr'>ducit,</span> <span class='ocrx_word' id='word_1_63' title='bbox 1034 965 1132 1001; x_wconf 90' lang='lat' dir='ltr'>idem</span> <span class='ocrx_word' id='word_1_64' title='bbox 1155 964 1192 1000; x_wconf 90' lang='lat' dir='ltr'>in</span> <span class='ocrx_word' id='word_1_65' title='bbox 1217 964 1368 1000; x_wconf 86' lang='lat' dir='ltr'>curiam.</span> 
     </span>
     <span class='ocr_line' id='line_1_10' title="bbox 294 1025 1402 1074; baseline -0.001 -13"><span class='ocrx_word' id='word_1_66' title='bbox 294 1026 393 1061; x_wconf 72' lang='lat' dir='ltr'>Galli</span> <span class='ocrx_word' id='word_1_67' title='bbox 414 1025 542 1062; x_wconf 86' lang='lat' dir='ltr'>bracas</span> <span class='ocrx_word' id='word_1_68' title='bbox 565 1027 832 1074; x_wconf 87' lang='lat' dir='ltr'>deposuerunt,</span> <span class='ocrx_word' id='word_1_69' title='bbox 855 1028 969 1063; x_wconf 85' lang='lat' dir='ltr'>latum</span> <span class='ocrx_word' id='word_1_70' title='bbox 991 1028 1135 1064; x_wconf 85' lang='lat' dir='ltr'>clavum</span> <span class='ocrx_word' id='word_1_71' title='bbox 1158 1033 1402 1074; x_wconf 88' lang='lat' dir='ltr'>sumpserunt.</span> 
     </span>
    </p>
   </div>
   <div class='ocr_carea' id='block_1_4' title="bbox 189 1150 1563 1699">
    <p class='ocr_par' dir='ltr' id='par_1_4' title="bbox 189 1150 1563 1699">
     <span class='ocr_line' id='line_1_11' title="bbox 192 1150 1561 1213; baseline -0.001 -19"><span class='ocrx_word' id='word_1_72' title='bbox 192 1152 249 1207; x_wconf 86' lang='lat' dir='ltr'>Q.</span> <span class='ocrx_word' id='word_1_73' title='bbox 277 1151 471 1195; x_wconf 85' lang='lat' dir='ltr'>Maximo</span> <span class='ocrx_word' id='word_1_74' title='bbox 492 1150 700 1208; x_wconf 86' lang='lat' dir='ltr'>suffecto,</span> <span class='ocrx_word' id='word_1_75' title='bbox 728 1153 1024 1213; x_wconf 90' lang='lat' dir='ltr'>trimestrique</span> <span class='ocrx_word' id='word_1_76' title='bbox 1051 1151 1230 1196; x_wconf 83' lang='lat' dir='ltr'>consule</span> <span class='ocrx_word' id='word_1_77' title='bbox 1254 1152 1475 1195; x_wconf 85' lang='lat' dir='ltr'>theatrum</span> <span class='ocrx_word' id='word_1_78' title='bbox 1496 1150 1561 1192; x_wconf 88' lang='lat' dir='ltr'>in-</span> 
     </span>
     <span class='ocr_line' id='line_1_12' title="bbox 192 1230 1560 1292; baseline -0.001 -18"><span class='ocrx_word' id='word_1_79' title='bbox 192 1241 416 1286; x_wconf 84' lang='lat' dir='ltr'>troeunte,</span> <span class='ocrx_word' id='word_1_80' title='bbox 433 1248 569 1291; x_wconf 90' lang='lat' dir='ltr'>quum</span> <span class='ocrx_word' id='word_1_81' title='bbox 594 1231 722 1275; x_wconf 86' lang='lat' dir='ltr'>lictor</span> <span class='ocrx_word' id='word_1_82' title='bbox 743 1232 1028 1276; x_wconf 84' lang='lat' dir='ltr'>animadverti</span> <span class='ocrx_word' id='word_1_83' title='bbox 1055 1249 1106 1276; x_wconf 82' lang='lat' dir='ltr'>ex</span> <span class='ocrx_word' id='word_1_84' title='bbox 1131 1249 1251 1276; x_wconf 93' lang='lat' dir='ltr'>morc</span> <span class='ocrx_word' id='word_1_85' title='bbox 1275 1230 1560 1292; x_wconf 79' lang='lat' dir='ltr'>jussisset‚ab</span> 
     </span>
     <span class='ocr_line' id='line_1_13' title="bbox 193 1312 1557 1370; baseline -0.001 -14"><span class='ocrx_word' id='word_1_86' title='bbox 193 1314 406 1356; x_wconf 85' lang='lat' dir='ltr'>universis</span> <span class='ocrx_word' id='word_1_87' title='bbox 442 1312 762 1357; x_wconf 87' lang='lat' dir='ltr'>conclamatum</span> <span class='ocrx_word' id='word_1_88' title='bbox 801 1324 883 1370; x_wconf 87' lang='lat' dir='ltr'>est,</span> <span class='ocrx_word' id='word_1_89' title='bbox 927 1331 1014 1357; x_wconf 91' lang='lat' dir='ltr'>non</span> <span class='ocrx_word' id='word_1_90' title='bbox 1053 1331 1143 1359; x_wconf 85' lang='lat' dir='ltr'>esse</span> <span class='ocrx_word' id='word_1_91' title='bbox 1184 1312 1406 1358; x_wconf 84' lang='lat' dir='ltr'>consulem</span> <span class='ocrx_word' id='word_1_92' title='bbox 1446 1329 1557 1356; x_wconf 86' lang='lat' dir='ltr'>eum.</span> 
     </span>
     <span class='ocr_line' id='line_1_14' title="bbox 191 1393 1558 1453; baseline -0.003 -14"><span class='ocrx_word' id='word_1_93' title='bbox 191 1397 295 1439; x_wconf 91' lang='lat' dir='ltr'>Post</span> <span class='ocrx_word' id='word_1_94' title='bbox 322 1404 511 1438; x_wconf 89' lang='lat' dir='ltr'>remotos</span> <span class='ocrx_word' id='word_1_95' title='bbox 538 1395 768 1439; x_wconf 85' lang='lat' dir='ltr'>Caesetium</span> <span class='ocrx_word' id='word_1_96' title='bbox 795 1404 837 1438; x_wconf 89' lang='lat' dir='ltr'>et</span> <span class='ocrx_word' id='word_1_97' title='bbox 872 1393 1111 1439; x_wconf 84' lang='lat' dir='ltr'>Marullum</span> <span class='ocrx_word' id='word_1_98' title='bbox 1147 1395 1366 1450; x_wconf 83' lang='lat' dir='ltr'>tribunos,</span> <span class='ocrx_word' id='word_1_99' title='bbox 1393 1403 1558 1453; x_wconf 86' lang='lat' dir='ltr'>reperta</span> 
     </span>
     <span class='ocr_line' id='line_1_15' title="bbox 191 1473 1561 1537; baseline -0.003 -18"><span class='ocrx_word' id='word_1_100' title='bbox 191 1485 294 1520; x_wconf 87' lang='lat' dir='ltr'>sunt</span> <span class='ocrx_word' id='word_1_101' title='bbox 319 1476 528 1537; x_wconf 79' lang='lat' dir='ltr'>proximis</span> <span class='ocrx_word' id='word_1_102' title='bbox 553 1476 739 1520; x_wconf 90' lang='lat' dir='ltr'>comitiis</span> <span class='ocrx_word' id='word_1_103' title='bbox 766 1474 992 1537; x_wconf 87' lang='lat' dir='ltr'>complura</span> <span class='ocrx_word' id='word_1_104' title='bbox 1013 1475 1240 1536; x_wconf 77' lang='lat' dir='ltr'>suffragia,</span> <span class='ocrx_word' id='word_1_105' title='bbox 1268 1473 1464 1519; x_wconf 86' lang='lat' dir='ltr'>consules</span> <span class='ocrx_word' id='word_1_106' title='bbox 1491 1490 1561 1516; x_wconf 60' lang='lat' dir='ltr'>cos·</span> 
     </span>
     <span class='ocr_line' id='line_1_16' title="bbox 191 1554 1563 1618; baseline -0.002 -18"><span class='ocrx_word' id='word_1_107' title='bbox 191 1554 521 1600; x_wconf 87' lang='lat' dir='ltr'>declarantium.</span> <span class='ocrx_word' id='word_1_108' title='bbox 549 1556 852 1618; x_wconf 88' lang='lat' dir='ltr'>Subscripsere</span> <span class='ocrx_word' id='word_1_109' title='bbox 870 1556 1047 1618; x_wconf 89' lang='lat' dir='ltr'>quidam</span> <span class='ocrx_word' id='word_1_110' title='bbox 1060 1558 1109 1601; x_wconf 93' lang='lat' dir='ltr'>L.</span> <span class='ocrx_word' id='word_1_111' title='bbox 1127 1557 1251 1601; x_wconf 89' lang='lat' dir='ltr'>Bruti</span> <span class='ocrx_word' id='word_1_112' title='bbox 1273 1565 1424 1600; x_wconf 74' lang='lat' dir='ltr'>statuae</span> <span class='ocrx_word' id='word_1_113' title='bbox 1443 1573 1450 1598; x_wconf 88' lang='lat'><strong>:</strong></span> <span class='ocrx_word' id='word_1_114' title='bbox 1471 1555 1563 1598; x_wconf 91' lang='lat' dir='ltr'>Uti-</span> 
     </span>
     <span class='ocr_line' id='line_1_17' title="bbox 189 1637 1207 1699; baseline 0.001 -19"><span class='ocrx_word' id='word_1_115' title='bbox 189 1653 291 1681; x_wconf 90' lang='lat' dir='ltr'>nam</span> <span class='ocrx_word' id='word_1_116' title='bbox 311 1637 490 1682; x_wconf 86' lang='lat' dir='ltr'>viveres.</span> <span class='ocrx_word' id='word_1_117' title='bbox 519 1639 630 1682; x_wconf 91' lang='lat' dir='ltr'>Item</span> <span class='ocrx_word' id='word_1_118' title='bbox 657 1638 792 1699; x_wconf 88' lang='lat' dir='ltr'>ipsius</span> <span class='ocrx_word' id='word_1_119' title='bbox 819 1638 1001 1683; x_wconf 74' lang='lat' dir='ltr'>Caesaris</span> <span class='ocrx_word' id='word_1_120' title='bbox 1027 1647 1207 1682; x_wconf 73' lang='lat' dir='ltr'>statuae:</span> 
     </span>
    </p>
   </div>
   <div class='ocr_carea' id='block_1_5' title="bbox 293 1766 1382 1877">
    <p class='ocr_par' dir='ltr' id='par_1_5' title="bbox 293 1766 1382 1877">
     <span class='ocr_line' id='line_1_18' title="bbox 293 1766 1382 1815; baseline -0.003 -13"><span class='ocrx_word' id='word_1_121' title='bbox 293 1768 443 1811; x_wconf 87' lang='lat' dir='ltr'>Brutus,</span> <span class='ocrx_word' id='word_1_122' title='bbox 468 1767 554 1815; x_wconf 86' lang='lat' dir='ltr'>quia</span> <span class='ocrx_word' id='word_1_123' title='bbox 577 1779 682 1814; x_wconf 84' lang='lat' dir='ltr'>reges</span> <span class='ocrx_word' id='word_1_124' title='bbox 705 1766 829 1813; x_wconf 84' lang='lat' dir='ltr'>ejecit,</span> <span class='ocrx_word' id='word_1_125' title='bbox 853 1767 982 1802; x_wconf 89' lang='lat' dir='ltr'>consul</span> <span class='ocrx_word' id='word_1_126' title='bbox 1006 1766 1145 1815; x_wconf 89' lang='lat' dir='ltr'>primus</span> <span class='ocrx_word' id='word_1_127' title='bbox 1168 1766 1282 1802; x_wconf 87' lang='lat' dir='ltr'>factus</span> <span class='ocrx_word' id='word_1_128' title='bbox 1308 1772 1382 1801; x_wconf 86' lang='lat' dir='ltr'>est:</span> 
     </span>
     <span class='ocr_line' id='line_1_19' title="bbox 295 1828 1355 1877; baseline -0.002 -13"><span class='ocrx_word' id='word_1_129' title='bbox 295 1829 384 1874; x_wconf 84' lang='lat' dir='ltr'>Hic,</span> <span class='ocrx_word' id='word_1_130' title='bbox 407 1830 491 1876; x_wconf 82' lang='lat' dir='ltr'>quia</span> <span class='ocrx_word' id='word_1_131' title='bbox 516 1830 684 1864; x_wconf 82' lang='lat' dir='ltr'>consules</span> <span class='ocrx_word' id='word_1_132' title='bbox 711 1829 831 1876; x_wconf 80' lang='lat' dir='ltr'>ejecit,</span> <span class='ocrx_word' id='word_1_133' title='bbox 850 1841 918 1864; x_wconf 76' lang='lat' dir='ltr'>rex</span> <span class='ocrx_word' id='word_1_134' title='bbox 942 1836 1133 1877; x_wconf 80' lang='lat' dir='ltr'>postremo</span> <span class='ocrx_word' id='word_1_135' title='bbox 1157 1828 1270 1864; x_wconf 88' lang='lat' dir='ltr'>sactus</span> <span class='ocrx_word' id='word_1_136' title='bbox 1291 1835 1355 1864; x_wconf 86' lang='lat' dir='ltr'>est.</span> 
     </span>
    </p>
   </div>
   <div class='ocr_carea' id='block_1_6' title="bbox 190 1951 1566 2654">
    <p class='ocr_par' dir='ltr' id='par_1_6' title="bbox 190 1951 1566 2576">
     <span class='ocr_line' id='line_1_20' title="bbox 190 1951 1561 2015; baseline -0.003 -17"><span class='ocrx_word' id='word_1_137' title='bbox 190 1953 503 2015; x_wconf 89' lang='lat' dir='ltr'>Conspiratum</span> <span class='ocrx_word' id='word_1_138' title='bbox 531 1963 594 1997; x_wconf 86' lang='lat' dir='ltr'>est</span> <span class='ocrx_word' id='word_1_139' title='bbox 620 1954 663 1996; x_wconf 92' lang='lat' dir='ltr'>in</span> <span class='ocrx_word' id='word_1_140' title='bbox 683 1970 780 1997; x_wconf 89' lang='lat' dir='ltr'>eum</span> <span class='ocrx_word' id='word_1_141' title='bbox 807 1970 831 1997; x_wconf 92' lang='lat' dir='ltr'>a</span> <span class='ocrx_word' id='word_1_142' title='bbox 856 1954 1077 2014; x_wconf 82' lang='lat' dir='ltr'>sexaginta</span> <span class='ocrx_word' id='word_1_143' title='bbox 1100 1951 1307 2014; x_wconf 79' lang='lat' dir='ltr'>ampliuS‚</span> <span class='ocrx_word' id='word_1_144' title='bbox 1324 1954 1372 1997; x_wconf 92' lang='lat' dir='ltr'>C.</span> <span class='ocrx_word' id='word_1_145' title='bbox 1398 1952 1561 2006; x_wconf 80' lang='lat' dir='ltr'>Cassio,</span> 
     </span>
     <span class='ocr_line' id='line_1_21' title="bbox 191 2031 1563 2095; baseline -0.004 -17"><span class='ocrx_word' id='word_1_146' title='bbox 191 2036 429 2095; x_wconf 87' lang='lat' dir='ltr'>Marcoque</span> <span class='ocrx_word' id='word_1_147' title='bbox 458 2043 500 2078; x_wconf 90' lang='lat' dir='ltr'>et</span> <span class='ocrx_word' id='word_1_148' title='bbox 526 2036 581 2079; x_wconf 93' lang='lat' dir='ltr'>D.</span> <span class='ocrx_word' id='word_1_149' title='bbox 624 2035 759 2077; x_wconf 89' lang='lat' dir='ltr'>Bruto</span> <span class='ocrx_word' id='word_1_150' title='bbox 788 2034 1058 2094; x_wconf 87' lang='lat' dir='ltr'>principibus</span> <span class='ocrx_word' id='word_1_151' title='bbox 1091 2032 1437 2094; x_wconf 80' lang='lat' dir='ltr'>conspirationis.</span> <span class='ocrx_word' id='word_1_152' title='bbox 1473 2031 1563 2088; x_wconf 88' lang='lat' dir='ltr'>Qui</span> 
     </span>
     <span class='ocr_line' id='line_1_22' title="bbox 193 2112 1566 2175; baseline -0.003 -17"><span class='ocrx_word' id='word_1_153' title='bbox 193 2115 384 2175; x_wconf 88' lang='lat' dir='ltr'>primum</span> <span class='ocrx_word' id='word_1_154' title='bbox 409 2115 621 2170; x_wconf 82' lang='lat' dir='ltr'>cunctati⁷</span> <span class='ocrx_word' id='word_1_155' title='bbox 643 2124 848 2158; x_wconf 89' lang='lat' dir='ltr'>utrumne</span> <span class='ocrx_word' id='word_1_156' title='bbox 873 2112 995 2157; x_wconf 91' lang='lat' dir='ltr'>illum</span> <span class='ocrx_word' id='word_1_157' title='bbox 1017 2114 1060 2156; x_wconf 90' lang='lat' dir='ltr'>in</span> <span class='ocrx_word' id='word_1_158' title='bbox 1081 2130 1256 2174; x_wconf 79' lang='lat' dir='ltr'>campo,</span> <span class='ocrx_word' id='word_1_159' title='bbox 1286 2129 1363 2173; x_wconf 85' lang='lat' dir='ltr'>per</span> <span class='ocrx_word' id='word_1_160' title='bbox 1391 2112 1566 2155; x_wconf 87' lang='lat' dir='ltr'>comitia</span> 
     </span>
     <span class='ocr_line' id='line_1_23' title="bbox 193 2193 1564 2256; baseline -0.004 -18"><span class='ocrx_word' id='word_1_161' title='bbox 193 2194 331 2238; x_wconf 88' lang='lat' dir='ltr'>tribus</span> <span class='ocrx_word' id='word_1_162' title='bbox 364 2194 418 2238; x_wconf 92' lang='lat' dir='ltr'>ad</span> <span class='ocrx_word' id='word_1_163' title='bbox 448 2194 655 2255; x_wconf 79' lang='lat' dir='ltr'>suffragia</span> <span class='ocrx_word' id='word_1_164' title='bbox 682 2205 908 2239; x_wconf 84' lang='lat' dir='ltr'>vocantem</span> <span class='ocrx_word' id='word_1_165' title='bbox 927 2230 937 2250; x_wconf 87' lang='lat'><strong><em>‚</em></strong></span> <span class='ocrx_word' id='word_1_166' title='bbox 968 2195 1164 2256; x_wconf 86' lang='lat' dir='ltr'>partibus</span> <span class='ocrx_word' id='word_1_167' title='bbox 1192 2193 1341 2237; x_wconf 77' lang='lat' dir='ltr'>divisis</span> <span class='ocrx_word' id='word_1_168' title='bbox 1382 2209 1405 2236; x_wconf 92' lang='lat' dir='ltr'>e</span> <span class='ocrx_word' id='word_1_169' title='bbox 1433 2201 1564 2253; x_wconf 81' lang='lat' dir='ltr'>ponte</span> 
     </span>
     <span class='ocr_line' id='line_1_24' title="bbox 194 2273 1564 2336; baseline -0.003 -18"><span class='ocrx_word' id='word_1_170' title='bbox 194 2273 430 2336; x_wconf 81' lang='lat' dir='ltr'>dejicerent</span> <span class='ocrx_word' id='word_1_171' title='bbox 445 2308 456 2329; x_wconf 86' lang='lat'>,</span> <span class='ocrx_word' id='word_1_172' title='bbox 482 2284 612 2334; x_wconf 88' lang='lat' dir='ltr'>atque</span> <span class='ocrx_word' id='word_1_173' title='bbox 627 2285 855 2335; x_wconf 86' lang='lat' dir='ltr'>exceptum</span> <span class='ocrx_word' id='word_1_174' title='bbox 871 2274 1161 2329; x_wconf 81' lang='lat' dir='ltr'>trucidarent3</span> <span class='ocrx_word' id='word_1_175' title='bbox 1189 2290 1243 2317; x_wconf 89' lang='lat' dir='ltr'>an</span> <span class='ocrx_word' id='word_1_176' title='bbox 1269 2275 1311 2316; x_wconf 92' lang='lat' dir='ltr'>in</span> <span class='ocrx_word' id='word_1_177' title='bbox 1333 2275 1464 2317; x_wconf 85' lang='lat' dir='ltr'>Sacra</span> <span class='ocrx_word' id='word_1_178' title='bbox 1482 2273 1564 2325; x_wconf 81' lang='lat' dir='ltr'>via,</span> 
     </span>
     <span class='ocr_line' id='line_1_25' title="bbox 195 2352 1563 2415; baseline -0.004 -16"><span class='ocrx_word' id='word_1_179' title='bbox 195 2354 261 2399; x_wconf 88' lang='lat' dir='ltr'>vel</span> <span class='ocrx_word' id='word_1_180' title='bbox 289 2356 331 2398; x_wconf 92' lang='lat' dir='ltr'>in</span> <span class='ocrx_word' id='word_1_181' title='bbox 358 2354 479 2399; x_wconf 90' lang='lat' dir='ltr'>aditu</span> <span class='ocrx_word' id='word_1_182' title='bbox 508 2355 664 2398; x_wconf 83' lang='lat' dir='ltr'>theatri</span> <span class='ocrx_word' id='word_1_183' title='bbox 694 2354 970 2398; x_wconf 85' lang='lat' dir='ltr'>adorirentur</span> <span class='ocrx_word' id='word_1_184' title='bbox 993 2372 1001 2398; x_wconf 79' lang='lat' dir='ltr'>z</span> <span class='ocrx_word' id='word_1_185' title='bbox 1032 2365 1262 2415; x_wconf 87' lang='lat' dir='ltr'>postquam</span> <span class='ocrx_word' id='word_1_186' title='bbox 1291 2363 1462 2397; x_wconf 79' lang='lat' dir='ltr'>senatus</span> <span class='ocrx_word' id='word_1_187' title='bbox 1486 2352 1563 2395; x_wconf 86' lang='lat' dir='ltr'>idi-</span> 
     </span>
     <span class='ocr_line' id='line_1_26' title="bbox 195 2432 1565 2495; baseline -0.004 -15"><span class='ocrx_word' id='word_1_188' title='bbox 195 2437 276 2480; x_wconf 89' lang='lat' dir='ltr'>bus</span> <span class='ocrx_word' id='word_1_189' title='bbox 302 2436 468 2479; x_wconf 85' lang='lat' dir='ltr'>martiis</span> <span class='ocrx_word' id='word_1_190' title='bbox 497 2436 539 2478; x_wconf 89' lang='lat' dir='ltr'>in</span> <span class='ocrx_word' id='word_1_191' title='bbox 566 2435 759 2495; x_wconf 84' lang='lat' dir='ltr'>Pompeii</span> <span class='ocrx_word' id='word_1_192' title='bbox 798 2435 962 2477; x_wconf 68' lang='lat' dir='ltr'>curiam</span> <span class='ocrx_word' id='word_1_193' title='bbox 993 2433 1158 2477; x_wconf 88' lang='lat' dir='ltr'>edictus</span> <span class='ocrx_word' id='word_1_194' title='bbox 1187 2443 1273 2490; x_wconf 87' lang='lat' dir='ltr'>est,</span> <span class='ocrx_word' id='word_1_195' title='bbox 1307 2432 1428 2476; x_wconf 84' lang='lat' dir='ltr'>facile</span> <span class='ocrx_word' id='word_1_196' title='bbox 1461 2442 1565 2475; x_wconf 84' lang='lat' dir='ltr'>tcm-</span> 
     </span>
     <span class='ocr_line' id='line_1_27' title="bbox 198 2514 847 2576; baseline -0.002 -16"><span class='ocrx_word' id='word_1_197' title='bbox 198 2533 280 2576; x_wconf 87' lang='lat' dir='ltr'>pus</span> <span class='ocrx_word' id='word_1_198' title='bbox 309 2526 350 2560; x_wconf 85' lang='lat' dir='ltr'>ct</span> <span class='ocrx_word' id='word_1_199' title='bbox 379 2515 521 2560; x_wconf 89' lang='lat' dir='ltr'>locum</span> <span class='ocrx_word' id='word_1_200' title='bbox 548 2514 847 2576; x_wconf 66' lang='lat' dir='ltr'>praetulerunt.</span> 
     </span>
    </p>

    <p class='ocr_par' dir='ltr' id='par_1_7' title="bbox 260 2592 1565 2654">
     <span class='ocr_line' id='line_1_28' title="bbox 260 2592 1565 2654; baseline -0.005 -13"><span class='ocrx_word' id='word_1_201' title='bbox 260 2598 463 2641; x_wconf 83' lang='lat' dir='ltr'>LXXXI.</span> <span class='ocrx_word' id='word_1_202' title='bbox 492 2595 574 2640; x_wconf 88' lang='lat' dir='ltr'>Sed</span> <span class='ocrx_word' id='word_1_203' title='bbox 602 2598 760 2642; x_wconf 85' lang='lat' dir='ltr'>Caesari</span> <span class='ocrx_word' id='word_1_204' title='bbox 784 2596 932 2641; x_wconf 88' lang='lat' dir='ltr'>futura</span> <span class='ocrx_word' id='word_1_205' title='bbox 959 2595 1093 2640; x_wconf 69' lang='lat' dir='ltr'>caedes</span> <span class='ocrx_word' id='word_1_206' title='bbox 1117 2595 1389 2639; x_wconf 80' lang='lat' dir='ltr'>evidentibus</span> <span class='ocrx_word' id='word_1_207' title='bbox 1418 2592 1565 2654; x_wconf 81' lang='lat' dir='ltr'>prodi—</span> 
     </span>
    </p>
   </div>
   <div class='ocr_carea' id='block_1_7' title="bbox 201 2674 1564 2738">
    <p class='ocr_par' dir='ltr' id='par_1_8' title="bbox 201 2674 1564 2738">
     <span class='ocr_line' id='line_1_29' title="bbox 201 2674 1564 2738; baseline -0.004 -18"><span class='ocrx_word' id='word_1_208' title='bbox 201 2678 279 2738; x_wconf 80' lang='lat' dir='ltr'>giis</span> <span class='ocrx_word' id='word_1_209' title='bbox 300 2676 554 2721; x_wconf 81' lang='lat' dir='ltr'>denuntiata</span> <span class='ocrx_word' id='word_1_210' title='bbox 581 2687 655 2721; x_wconf 86' lang='lat' dir='ltr'>cst.</span> <span class='ocrx_word' id='word_1_211' title='bbox 676 2679 839 2721; x_wconf 76' lang='lat' dir='ltr'>Paucos</span> <span class='ocrx_word' id='word_1_212' title='bbox 855 2688 954 2721; x_wconf 77' lang='lat' dir='ltr'>ante</span> <span class='ocrx_word' id='word_1_213' title='bbox 974 2694 1160 2730; x_wconf 71' lang='lat' dir='ltr'>menses,</span> <span class='ocrx_word' id='word_1_214' title='bbox 1187 2693 1320 2736; x_wconf 80' lang='lat' dir='ltr'>quum</span> <span class='ocrx_word' id='word_1_215' title='bbox 1342 2676 1384 2717; x_wconf 87' lang='lat' dir='ltr'>in</span> <span class='ocrx_word' id='word_1_216' title='bbox 1399 2674 1564 2718; x_wconf 74' lang='grc'><strong>00101113</strong></span> 
     </span>
    </p>
   </div>
  </div>
 </body>
</html>
