1988 3439
811 281 957 316 NERO.
1496 282 1569 318 235

201 378 353 423 crant,
380 370 601 412 restitutus
628 368 671 410 in
696 365 908 426 patriam,
938 362 1228 424 amplissimos
1254 365 1440 410 honores
1468 383 1567 428 per-

202 450 395 493 cucurrit
410 466 418 493 :
435 465 485 493 ac
499 445 681 492 subinde
695 444 989 507 redintegrata
1002 443 1266 488 dissensione
1279 444 1416 502 civili,
1431 447 1568 492 eidem

201 530 396 574 Antonio
426 528 617 590 legatus,
646 524 832 570 delatam
859 525 938 569 sibi
964 541 1177 569 summam
1214 525 1385 587 imperii
1412 526 1466 570 ab
1493 528 1544 571 iis
1561 563 1570 579 ‚

199 626 308 671 quos
333 609 572 670 Cleopatrae
598 606 792 668 pudebat
808 640 820 663 ‚
850 622 991 668 neque
1012 607 1254 667 suscipere,
1283 622 1424 667 neque
1447 623 1570 651 recu-

199 707 294 735 sare
308 690 506 745 fidenter,
523 698 706 751 propter
719 687 906 732 subitam
931 686 1247 744 valetudinem,
1269 702 1421 745 ausus,
1438 696 1572 733 trans-

200 772 250 815 iit
279 771 334 816 ad
358 774 603 832 Augustum
630 785 640 812 :
668 778 712 813 et
747 770 792 813 in
825 767 978 812 diebus
1013 767 1162 828 paucis
1195 767 1325 823 obiit,
1356 766 1572 811 nonnulla

200 862 243 896 et
263 852 353 912 ipse
378 849 556 894 infamia
585 865 796 911 aspersus.
827 850 942 894 Nam
969 848 1208 903 Antonius,
1235 864 1334 891 eum
1359 846 1572 893 desiderio

199 932 348 975 amicae
375 928 565 974 Serviliae
591 928 744 974 Naidis
768 928 1077 990 transfugisse,
1100 929 1293 989 jactavit.

264 1012 341 1055 lV.
362 1012 429 1055 Ex
445 1010 528 1055 hoc
547 1010 768 1054 Domitius
790 1010 999 1064 nascitur,
1022 1025 1152 1070 quem
1171 1019 1381 1054 emtorem
1403 1009 1573 1055 familiae

198 1093 479 1154 pecuniaeque
515 1093 560 1135 in
597 1100 855 1136 testamento
886 1091 1071 1152 Augusti
1104 1089 1262 1149 fuisse,
1307 1108 1408 1135 mox
1443 1091 1573 1154 vulgo

199 1182 400 1216 notatum
424 1181 513 1226 est;
540 1188 628 1215 non
657 1172 801 1216 minus
833 1170 1063 1232 aurigandi
1090 1181 1184 1216 arte
1211 1172 1256 1215 in
1285 1170 1574 1216 adolescentia

199 1251 361 1307 clarus,
389 1268 521 1312 quam
550 1251 706 1295 deinde
736 1252 1002 1296 ornamentis
1032 1250 1369 1312 triumphalibus
1397 1268 1447 1296 ex
1475 1269 1572 1314 ger-

199 1333 371 1376 manico
396 1330 526 1376 bello.
555 1334 721 1376 Verum
747 1348 976 1392 arrogans,
1002 1331 1229 1393 profusus,
1258 1333 1454 1390 immitis,
1481 1350 1575 1378 cen·

200 1428 345 1456 sorem
383 1413 434 1455 L.
466 1410 678 1456 Plancum
718 1413 786 1456 via
824 1412 906 1455 sibi
947 1410 1154 1456 decedere
1195 1411 1330 1457 aedilis
1377 1413 1520 1475 coegit
1566 1432 1574 1457 :

199 1502 399 1553 praeturae
429 1490 768 1552 consulatusque
796 1491 984 1548 honore,
1005 1492 1172 1553 equites
1192 1509 1397 1537 romanos
1420 1503 1578 1538 matro-

199 1588 365 1632 nasque
414 1571 470 1616 ad
518 1571 738 1634 agendum
782 1573 973 1627 ‘mimum
1028 1572 1236 1633 produxit
1292 1573 1336 1617 in
1387 1590 1576 1618 scenam.

199 1652 466 1698 venationes
487 1662 530 1697 et
552 1653 595 1696 in
618 1654 770 1709 Circo,
793 1662 836 1697 et
857 1670 900 1696 in
926 1653 1131 1697 omnibus
1150 1653 1282 1698 Urbis
1305 1655 1578 1716 regionibus,

200 1732 319 1777 dedit
344 1750 354 1777 :
379 1749 538 1778 munus
558 1734 688 1778 etiam
713 1732 1051 1795 gladiatorium3
1078 1733 1151 1778 sed
1177 1744 1298 1779 tanta
1323 1736 1506 1792 saevitia,
1531 1746 1579 1780 ut

202 1829 375 1857 necesse
408 1813 540 1857 fuerit
575 1816 797 1874 Augusto,
836 1812 947 1858 clam
984 1813 1148 1859 frustra
1188 1816 1402 1860 monitum
1438 1814 1579 1861 edicto

201 1909 411 1938 coercere.

267 1976 322 2019 V.
363 1977 429 2020 Ex
457 1976 649 2020 Antonia
688 1976 853 2035 majore
886 1985 1053 2036 patrem
1088 1978 1280 2021 Neronis
1315 1978 1581 2037 procreavit,

204 2055 324 2099 omni
341 2065 464 2116 parte
484 2056 583 2099 vitae
607 2054 922 2099 detestabilem.
939 2055 1164 2116 Siquidem
1188 2073 1331 2101 comes
1353 2056 1408 2101 ad
1426 2058 1582 2102 Orien-

205 2147 291 2180 tem
313 2137 365 2180 C.
381 2138 561 2181 Caesaris
582 2137 778 2197 juvenis,
798 2138 941 2182 occiso
968 2137 1122 2182 liberto
1143 2154 1221 2182 suo
1237 2173 1248 2195 ,
1267 2138 1385 2199 quod
1406 2148 1557 2200 potare
1571 2173 1582 2193 ,

206 2226 423 2277 quantum
469 2216 724 2277 jubebatur,
779 2229 1024 2273 recusarat,
1073 2217 1276 2263 dimissus
1329 2236 1352 2263 e
1404 2219 1583 2263 cohorte

206 2297 472 2351 amicorum,
503 2295 639 2340 nihilo
663 2296 901 2341 modestius
925 2299 1045 2342 vixit.
1072 2298 1156 2342 Sed
1183 2309 1226 2342 et
1255 2300 1298 2343 in
1330 2301 1409 2343 viae
1433 2300 1584 2360 Appiae

206 2377 304 2420 vico
328 2386 505 2437 repente
529 2393 739 2437 puerum,
761 2378 901 2422 citatis
922 2378 1151 2438 jumentis,
1171 2379 1289 2423 haud
1312 2380 1488 2441 ignarus
1508 2380 1585 2423 ob-

207 2457 355 2511 trivit;
386 2466 429 2500 et
457 2459 606 2501 Romae
632 2457 776 2501 medio
807 2459 918 2502 Foro
957 2457 1132 2502 cuidam
1159 2459 1292 2518 equiti
1323 2476 1503 2503 romano
1532 2458 1583 2502 li-

208 2536 353 2581 berius
374 2538 569 2598 jurganti
607 2537 780 2582 oculum
812 2540 927 2583 eruit
953 2557 962 2582 2
995 2538 1183 2599 persidia:
1222 2556 1323 2583 vero
1352 2549 1507 2595 tantae,
1539 2550 1584 2584 ut

211 2633 298 2662 nou
330 2617 461 2662 modo
487 2612 754 2679 argentarios
779 2621 925 2679 pretiis
954 2637 1099 2664 rerum
1125 2630 1420 2673 corinun-um,
1446 2619 1516 2663 scd
1542 2635 1584 2662 ct

211 2699 255 2741 in
293 2708 476 2757 pm‘tura
513 2698 706 2742 inei-ced«,—
743 2698 984 2759 palmarum
1024 2700 1262 2761 aurigarios
1306 2699 1582 2744 liautlavcrit.
