1988 3407
738 235 1077 272 DOMITIANUS.
1556 238 1601 283 75

213 322 387 366 thenius
424 319 629 366 cubiculo
670 319 930 381 praepositus
965 320 1209 375 convertit,
1243 321 1458 365 nuncians
1486 338 1602 378 esse,

212 403 286 464 qui
310 419 519 465 magnum
547 402 691 446 nescio
715 399 821 461 quid
845 399 1048 457 afferret,
1074 416 1153 444 nec
1178 399 1486 445 differendum.
1511 404 1604 446 Ita-

211 501 315 545 que,
341 484 569 529 summotis
595 482 822 539 omnibus,
848 481 890 525 in
912 480 1166 526 cubiculum
1194 498 1238 526 se
1260 483 1442 544 recepit,
1468 493 1599 545 atque

213 565 270 609 ibi
299 565 467 609 occisus
491 574 568 609 est.

275 647 417 690 XVH.
446 647 513 690 De
537 644 794 689 insidiarum
817 643 1035 705 caedisque
1056 660 1218 706 genere
1235 644 1327 689 haec
1348 643 1440 688 fere
1462 642 1601 688 divul-

212 736 311 787 gata
349 736 464 771 sunt.
506 726 830 772 Cunctantibus
865 726 1155 788 conspiratis,
1194 725 1375 787 quando
1413 736 1457 770 et
1489 742 1601 787 quo-

213 807 368 865 modo,
392 805 456 870 [id
479 805 586 870 est,]
613 805 912 862 lavantemne‚
941 824 995 852 an
1027 818 1276 852 coenantem
1306 807 1602 870 aggrederen—

212 899 304 945 tur,
331 889 599 951 Stephanus,
627 887 868 934 Domitillae
898 899 1175 951 procurator,
1209 899 1252 934 et
1279 899 1384 934 tunc
1416 890 1601 934 interce-

212 979 386 1030 ptarum
413 971 701 1032 pecuniarum
725 987 846 1028 reus,
870 970 1104 1016 consilium
1130 988 1399 1033 operamque
1425 970 1603 1015 obtulit.

213 1054 278 1096 Ac
315 1051 585 1096 sinisteriore
623 1052 857 1108 bracchio,
896 1051 1011 1097 velut
1048 1069 1189 1114 aegro,
1224 1051 1337 1097 lanis
1373 1052 1605 1113 fasciisque

211 1148 290 1193 per
316 1131 484 1193 aliquot
517 1132 608 1178 dies
638 1132 692 1178 ad
720 1134 1000 1179 avertendam
1036 1135 1334 1196 suspicionem
1363 1132 1577 1177 obvoluto
1595 1168 1606 1189 ,

211 1213 266 1257 ad
292 1214 430 1274 ipsam
462 1214 619 1258 horam
643 1213 852 1259 dolonem
877 1216 1097 1276 interjecit
1129 1233 1138 1259 :
1164 1214 1472 1276 professusque
1500 1231 1607 1259 con-

212 1295 464 1355 spirationis
493 1295 702 1340 indicium
720 1329 731 1351 ,
759 1306 801 1340 et
828 1297 884 1340 ob
907 1297 991 1341 hoc
1015 1295 1231 1340 admissus
1250 1331 1261 1351 ,
1287 1295 1447 1357 legenti
1474 1294 1609 1339 tradi-

212 1385 305 1419 tum
335 1391 359 1419 a
394 1391 439 1419 se
473 1374 696 1433 libellum,
727 1387 769 1421 et
802 1378 1016 1431 attonito,
1056 1376 1237 1421 suffodit
1272 1377 1468 1438 inguina.
1499 1377 1609 1420 Sau-

212 1457 328 1500 cium
348 1472 398 1501 ac
422 1467 747 1519 repugnantem
769 1457 911 1502 adorti
927 1457 1170 1503 Clodianus
1199 1455 1545 1512 cornicularius,
1564 1467 1608 1501 et

212 1537 451 1594 Maximus,
485 1537 712 1582 Parthenii
733 1537 938 1594 libertus,
959 1547 1001 1582 et
1029 1539 1253 1591 Saturius,
1280 1537 1460 1582 decurio
1484 1538 1605 1582 cubi-

211 1616 509 1675 culariorum,
550 1628 593 1663 et
627 1618 808 1680 quidam
836 1636 859 1664 e
888 1618 1151 1681 gladiatorio
1186 1618 1315 1676 ludo,
1348 1617 1606 1663 vulneribus

212 1707 379 1759 septem
414 1699 796 1744 contrucidarunt.
831 1702 962 1756 Puer,
991 1701 1066 1761 qui
1097 1717 1182 1744 arae
1208 1701 1388 1744 Larium
1414 1700 1606 1744 cubiculi

211 1795 264 1823 ex
300 1779 622 1824 consuetudine
654 1781 886 1838 assistens,
923 1780 1121 1825 interfuit
1148 1780 1276 1836 caedi,
1305 1781 1388 1825 hoc
1417 1780 1608 1842 amplius

213 1860 443 1917 narrabat,
461 1861 633 1921 jussum
660 1878 704 1905 se
725 1879 748 1905 a
770 1863 1027 1907 Domitiano
1051 1862 1104 1905 ad
1131 1863 1323 1923 primum
1348 1864 1494 1906 statim
1521 1861 1609 1906 vul-

213 1957 296 1984 nus
327 1942 565 2003 pugionem
588 1941 771 2003 pulvino
791 1942 1014 1986 subditum
1038 1943 1285 2003 porrigere,
1307 1959 1357 1986 ac
1381 1943 1607 1987 ministros

212 2038 398 2077 vocare,
433 2038 574 2082 neque
606 2022 661 2066 ad
687 2032 820 2084 caput
846 2023 1082 2083 quicquam
1101 2059 1110 2077 ,
1142 2033 1327 2084 excepto
1357 2022 1542 2084 capulo,
1568 2034 1605 2067 et

213 2112 425 2163 praeterea
456 2102 602 2148 clausa
632 2105 780 2148 omnia
809 2105 1023 2165 reperisse
1050 2121 1057 2147 :
1094 2114 1226 2165 atque
1255 2103 1378 2148 illum
1407 2105 1608 2157 interim,

213 2193 419 2245 correpto
448 2183 727 2246 deductoque
757 2185 811 2229 ad
839 2195 1001 2229 terram
1034 2185 1288 2247 Stephano,
1318 2184 1606 2230 colluctatum

214 2263 310 2320 diu,
331 2264 435 2308 dum
452 2265 584 2310 modo
602 2265 766 2311 serrum
788 2276 1075 2327 extorquere,
1094 2266 1248 2324 modo,
1267 2283 1534 2328 quamquam
1554 2266 1609 2311 la-

217 2346 345 2389 niatis
363 2345 533 2407 digitis,
553 2346 702 2391 oculos
719 2347 912 2391 effodere
934 2357 1134 2392 conatur.
1158 2349 1342 2393 Occisus
1363 2358 1426 2392 est
1447 2359 1606 2409 quarto

214 2426 384 2471 decimo
404 2427 610 2473 kalendas
630 2430 841 2486 octobris,
866 2447 983 2475 anno
1010 2432 1147 2474 aetatis
1172 2431 1328 2491 quinto
1354 2441 1397 2474 et
1425 2431 1609 2491 quadra-

215 2509 399 2569 gesimo,
428 2510 599 2570 imperii
628 2513 783 2571 quinto
817 2511 1001 2556 decimo.
1031 2511 1228 2557 Cadaver
1255 2512 1369 2572 ejus,
1404 2511 1605 2572 populari

215 2588 440 2650 sandapila
465 2607 542 2651 per
572 2591 834 2652 vespillones
858 2603 1160 2654 exportatum,
1195 2592 1360 2653 Phyllis
1390 2594 1537 2636 nutrix
1561 2594 1603 2637 in

215 2668 471 2714 suburbano
497 2688 576 2715 sno
620 2674 770 2716 Latina
801 2675 866 2717 via
898 2674 1135 2730 funeravit3
1161 2674 1232 2716 scd
1268 2673 1473 2733 reliquias
1500 2684 1607 2717 tein-
