1988 3407
621 285 672 320 IN
704 285 815 321 OCT.
848 286 1140 321 AUGUSTUM.
1511 287 1581 323 185

175 363 380 408 dicatione,
410 362 536 412 tigrim
556 364 700 411 primus
721 363 892 398 omnium
912 364 1043 397 Romae
1068 362 1238 398 ostendit
1266 364 1302 398 in
1333 377 1447 400 cavea
1469 378 1581 400 man-

174 425 393 462 suefactum.
412 441 425 457 υ

229 499 304 534 Pm
323 498 481 534 comitio.
498 497 639 542 Varro,
653 498 701 531 de
720 498 832 545 Lz'ng.
855 498 920 532 lat.
939 510 950 529 .·
966 515 979 527 11
1001 496 1217 540 Comitium,
1241 498 1288 532 ab
1303 511 1349 532 eo
1372 499 1481 546 quod
1496 500 1580 535 coi-

172 560 266 596 bant
294 572 340 596 eo
375 559 537 595 comitiis
562 559 716 594 curiatis
747 566 785 594 et
814 558 936 594 litium
970 571 1094 595 causa.
1113 576 1128 591 »
1160 559 1216 595 Cf.
1250 559 1447 606 Nmznm„
1475 563 1580 598 Rom.

171 630 269 666 vet„
298 635 343 668 V,
367 623 406 668 3,
426 621 465 656 in
494 621 601 656 lees.
625 622 764 665 Groev„
789 629 813 656 t.
838 635 899 667 ιν,
920 634 956 669 p.
985 621 1096 669 1139.

224 693 414 728 Lectica...
439 692 646 726 deduceret.
675 692 758 728 Hoc
780 692 936 741 quidem
956 691 1174 736 insolitum3
1194 705 1282 728 nam
1307 705 1423 728 curru
1444 694 1583 729 trium-

168 755 275 803 phali
285 754 460 791 solebant
483 754 568 790 vehi
588 761 712 791 tensas
735 755 928 791 ducentes.
952 755 1050 791 vide
1070 757 1244 801 Runmm,
1265 756 1314 791 de
1337 757 1389 791 Re
1404 758 1580 801 vestiar„

170 832 203 863 1,
234 831 294 854 21.

222 890 445 926 Dedicabat.
471 888 568 935 Dio,
596 901 685 935 mv,
711 902 748 938 p.
772 889 849 939 539
879 904 887 925 Ξ
918 900 1017 930 Μετὰ
1049 893 1088 929 δὲ
1115 893 1158 933 δὴ
1189 899 1297 929 ταῦτα
1325 896 1363 928 τό
1381 909 1418 928 τε
1449 897 1580 941 Oia-:pov

168 961 204 992 τὸ
235 963 291 992 τοῦ
311 959 504 1004 Μαρκέλλου
524 958 721 1004 καλούμενον
752 960 946 1004 καθιέρωσε,
972 959 1032 992 κᾶν
1060 964 1101 1004 τῇ
1133 960 1312 1004 πανηγύρει
1335 963 1376 1004 τῇ
1402 955 1462 992 διὰ
1486 963 1581 993 τοῦτο

165 1022 343 1066 γενομένῃ,
362 1021 420 1057 τήν
441 1034 479 1054 τε
499 1021 617 1066 Τρείαν
643 1021 670 1054 οἱ
684 1018 806 1061 παῖδες
826 1022 853 1055 οἱ
874 1019 1092 1067 εὐπατρίδαι,
1119 1023 1149 1055 οἶ
1174 1035 1210 1054 τε
1231 1022 1340 1061 ἄλλα,
1367 1020 1423 1054 καὶ
1450 1023 1463 1054 ὁ
1491 1024 1582 1067 ἔγγο-

171 1097 220 1122 νος
246 1085 346 1117 αὐτοῦ
366 1085 381 1117 ὀ
404 1084 499 1122 Γοίῐες
513 1084 692 1117 tumueram.

221 1150 310 1185 Cn».
332 1150 472 1186 XLIV.
497 1149 747 1185 senatoribus.
771 1149 810 1185 Si
840 1149 959 1185 modo
992 1149 1201 1186 adfuissent
1234 1158 1336 1186 veste
1363 1151 1581 1194 ιτεηιιῑονίας

167 1211 224 1248 sin
243 1211 391 1258 minus,
411 1211 479 1248 ubi
499 1212 680 1257 libuerat,
701 1212 834 1248 sedere
853 1219 1050 1260 poterant.

219 1275 286 1310 Ex
313 1276 506 1323 superiore
539 1277 631 1310 loco.
661 1274 749 1310 Scil.
776 1287 795 1310 e
816 1287 962 1310 summa
986 1286 1111 1310 cavea.
1140 1275 1345 1323 Calpurn.,
1377 1287 1459 1319 vn,
1493 1274 1540 1310 26
1571 1288 1580 1310 ε

309 1403 464 1435 Venimus
479 1403 519 1435 ad
538 1403 644 1441 sedes,
666 1403 722 1434 ubi
739 1403 825 1446 pulla
846 1403 972 1435 sordida
988 1410 1073 1435 veste

308 1462 396 1492 Inter
414 1459 567 1492 femineas
581 1460 745 1502 spectabat
759 1460 854 1492 turba
873 1460 1051 1492 cathedras.

223 1584 417 1620 Tribunal.
451 1584 498 1619 H.
527 1596 559 1619 e.
581 1595 628 1619 ex
647 1583 809 1620 adverso
837 1584 934 1619 sellae
954 1583 1097 1620 curulis
1122 1597 1207 1632 quae
1227 1585 1385 1632 praetori
1413 1584 1453 1620 in
1481 1585 1582 1622 ludis

164 1645 394 1695 ponebatur.
425 1645 482 1682 Cf.
515 1647 638 1692 L1rs.,
664 1646 713 1682 de
739 1645 939 1694 Amphis„
970 1658 1002 1683 c.
1023 1659 1080 1692 11,
1106 1646 1175 1682 ubi
1199 1647 1342 1695 probat
1366 1647 1441 1682 hoc
1469 1647 1580 1684 fuisse

165 1709 214 1746 ad
233 1709 406 1745 Podc'um.

219 1772 515 1817 pontificalibus.
555 1774 682 1819 Qu05,
721 1772 884 1809 docente
929 1774 1146 1810 Casaubon.
1160 1803 1170 1820 ,
1211 1773 1334 1810 edidit
1383 1777 1580 1824 Augustus

161 1834 382 1884 pontificatu
406 1833 574 1870 maximo
597 1842 788 1882 suscepto.

219 1906 307 1941 Non
331 1907 499 1953 placere.
529 1906 582 1942 Ut
622 1906 848 1941 athletarum
877 1906 1131 1956 pugilumque
1173 1909 1436 1956 spectaculum
1471 1911 1579 1957 prius

164 1967 352 2014 finiretur,
383 1980 497 2016 quam
518 1967 693 2004 mulieres
713 1969 752 2003 in
773 1969 963 2004 theatrum
986 1969 1173 2004 venirent.

219 2040 306 2075 Cu».
333 2039 452 2075 XLV.
477 2039 512 2074 E
533 2039 739 2086 pulvinati.
760 2040 861 2076 Talis
888 2041 1006 2076 lectus
1032 2043 1210 2090 Augusto
1242 2040 1355 2076 etiam
1381 2044 1581 2091 sequenti-

163 2101 314 2150 busque
339 2101 636 2149 imperatoribus
656 2115 728 2151 pro
755 2102 844 2139 sede
865 2102 958 2149 fuit3
980 2116 1027 2140 ne
1056 2103 1142 2152 quis
1166 2116 1255 2138 cum
1281 2104 1363 2139 aliis
1384 2105 1431 2140 de
1449 2107 1581 2154 pulvi-

163 2163 247 2200 nari
267 2163 429 2200 deorum
450 2164 487 2199 in
501 2164 609 2212 spina
639 2165 731 2200 circi
751 2165 903 2214 cogitet.

222 2236 436 2284 Spectandi.
458 2236 577 2272 Tacit.
591 2264 601 2281 ,
624 2239 788 2281 Annal.,
812 2251 848 2282 1,
872 2236 918 2281 54
941 2251 949 2272 z
975 2239 1140 2286 «Neque
1161 2238 1242 2286 ipse
1264 2239 1497 2277 abhorrebat
1517 2248 1579 2277 ta·

166 2299 264 2335 libus
283 2298 440 2344 studiis,
459 2306 497 2334 et
521 2299 631 2335 civile
657 2300 816 2336 rebatur
834 2301 982 2337 misceri
1005 2301 1271 2350 voluptatibus
1292 2302 1409 2350 vulgi.
1431 2319 1446 2334 ι,

223 2362 449 2398 Corollaria.
473 2363 618 2408 Varro,
644 2364 692 2397 de
716 2364 826 2413 Lc'ng.
854 2367 921 2400 lat.
952 2378 963 2398 :
991 2364 1317 2401 «Corollarium...
1348 2367 1578 2403 vocabulum

164 2425 295 2462 fictum
315 2437 337 2461 a
363 2424 534 2470 corollis,
556 2425 665 2473 quod
694 2426 768 2472 hae,
796 2440 915 2475 quum
945 2427 1169 2475 placuerant
1198 2435 1365 2473 actores,
1395 2429 1434 2464 in
1467 2442 1578 2465 scena

165 2488 250 2525 dari
271 2487 401 2523 solitae.
423 2502 443 2519 π
473 2521 479 2525 ,

219 2550 376 2586 Alienis.
398 2550 445 2585 H.
466 2561 499 2585 e.
521 2549 702 2596 aliorum,
723 2564 802 2587 non
822 2564 891 2587 suo
917 2551 1073 2588 nomine
1093 2550 1218 2587 editis.

221 2621 466 2659 catemarios.
488 2624 647 2660 Temere
667 2636 710 2659 ac
730 2623 808 2660 sine
828 2631 907 2661 arte
927 2636 997 2673 per
1018 2631 1207 2668 catervas,
1229 2635 1309 2658 non
1335 2623 1474 2673 singuli
1498 2624 1580 2661 sin-

166 2684 282 2732 gulis,
308 2685 556 2736 pugnabant,
583 2693 666 2722 test.
688 2686 812 2736 Lips.‚
837 2688 1006 2731 Sarum,
1034 2681 1085 2734 11²,
1118 2687 1175 2722 16.

224 2748 313 2783 Sim·
333 2749 521 2784 mals-sione.
537 2749 583 2784 H.
606 2762 637 2784 e.
666 2750 714 2785 ita
735 2757 777 2785 ut
797 2757 1014 2800 pugnarent
1035 2762 1157 2798 usque
1183 2749 1232 2785 ad
1260 2756 1446 2792 mortem3
1468 2749 1520 2784 sic
1541 2749 1579 2783 in
