1971 3342
417 209 487 246 106
947 206 984 241 C.
1012 205 1240 242 SUETONII

414 309 497 352 que
520 289 675 352 pellem
704 287 827 333 vituli
856 289 1013 332 marini
1039 287 1335 332 circumferret
1360 303 1439 347 pro
1467 286 1678 344 remedio,
1706 297 1770 331 at-

413 388 495 432 que
518 370 571 414 ad
594 386 767 413 omnem
789 369 963 428 majoris
988 368 1252 428 tempestatis
1276 367 1564 427 suspicionem
1588 368 1632 410 in
1655 366 1772 410 abdi-

412 462 507 495 tum
536 460 578 494 et
603 458 950 493 concameratum
978 447 1125 491 locum
1155 463 1197 490 se
1222 447 1449 508 reciperet3
1475 455 1772 490 consternatus

412 530 515 575 olim
546 547 622 591 per
653 539 918 573 nocturnum
951 528 1031 570 iter
1062 537 1312 571 transcursu
1344 525 1552 586 fulguris,
1584 535 1634 569 ut
1665 542 1772 587 prae-

413 611 612 655 diximus.

474 693 589 735 XCI.
619 689 797 733 Somnia
827 703 967 748 neque
996 704 1093 743 sua,
1123 704 1262 748 neque
1295 687 1434 731 aliena
1461 686 1513 731 de
1544 703 1608 743 se,
1639 685 1774 747 negli-

411 772 549 832 gebat.
586 768 853 829 Philippensi
883 769 999 824 acie,
1030 768 1224 828 quamvis
1259 768 1477 811 statuisset
1509 784 1597 810 non
1627 766 1769 827 egredi

411 848 689 894 tabernaculo
727 858 907 910 propter
943 846 1262 903 valetudinem,
1299 863 1493 909 egressus
1529 856 1592 890 est
1628 856 1772 890 tamen

411 931 538 975 amici
568 931 735 974 somnio
766 929 980 983 monitus3
1011 928 1222 987 cessitque
1252 944 1319 970 res
1343 942 1571 987 prospere,
1598 926 1774 986 quando

410 1011 543 1071 captis
570 1011 719 1055 castris
746 1008 899 1053 lectica
920 1008 1033 1068 ejus,
1058 1008 1180 1068 quasi
1206 1007 1265 1050 ibi
1291 1008 1452 1051 cubans
1479 1007 1774 1062 remansisset,

408 1107 622 1134 concursu
651 1090 841 1132 hostium
870 1088 1068 1132 confossa
1096 1097 1224 1147 atque
1252 1085 1437 1129 lacerata
1467 1095 1543 1129 est.
1573 1089 1670 1145 Ipse
1698 1102 1776 1145 per

409 1186 538 1213 omne
556 1186 631 1212 ver
648 1168 856 1228 plurima,
877 1178 919 1210 et
939 1166 1357 1221 formidolosissima,
1379 1175 1421 1209 et
1438 1181 1568 1221 vana,
1589 1175 1632 1208 et
1653 1166 1776 1208 irrita

410 1250 581 1292 videbat
611 1265 619 1291 ε
650 1256 843 1307 tempore
868 1247 1053 1302 rariora,
1081 1254 1123 1289 et
1154 1246 1297 1288 minus
1324 1261 1446 1288 vana.
1476 1245 1628 1301 Quum
1655 1244 1775 1288 dedi-

410 1339 548 1373 catam
575 1329 618 1371 in
643 1326 862 1388 Capitolio
891 1326 1025 1369 aedem
1052 1326 1239 1368 Tonanti
1265 1325 1359 1367 Jovi
1386 1323 1552 1367 assidue
1577 1323 1776 1384 frequen-

410 1419 547 1463 taret,
585 1407 844 1462 somniavit,
880 1405 1003 1465 queri
1042 1402 1336 1464 Capitolinum
1372 1405 1550 1459 Jovem,
1590 1403 1776 1447 cultores

411 1490 489 1532 sibi
518 1489 703 1543 abduci3
732 1504 861 1547 seque
888 1485 1183 1546 respondisse,
1211 1487 1455 1528 Tonantem
1484 1501 1563 1544 pro
1586 1484 1775 1544 Janitore

410 1570 447 1612 ei
493 1568 742 1629 appositum
783 1584 791 1609 :
837 1566 1019 1625 ideoque
1062 1581 1164 1607 mox
1208 1563 1512 1607 tintinnabulis
1557 1563 1776 1624 fastigium

409 1648 509 1691 cedis
531 1648 740 1703 redimiit,
765 1645 882 1706 quod
908 1662 956 1688 ea
979 1645 1065 1688 fere
1084 1645 1227 1705 januis
1251 1644 1564 1704 dependebant.
1589 1646 1651 1688 Ex
1675 1660 1776 1687 noc-

409 1739 540 1771 turno
579 1729 699 1782 visu,
739 1727 869 1769 etiam
907 1726 1062 1785 stipem
1099 1724 1332 1784 quotannis
1369 1723 1438 1767 die
1474 1733 1592 1767 certo
1633 1740 1776 1767 emen-

410 1809 580 1852 dicabat
615 1824 638 1851 a
676 1806 863 1868 populo,
902 1822 1049 1849 cavam
1089 1820 1265 1849 manum
1301 1820 1414 1848 asses
1452 1805 1774 1866 porrigentibus

412 1888 617 1948 praebens.

470 1969 608 2011 XCII.
644 1966 844 2026 Auspicia
868 1975 910 2008 et
936 1966 1079 2008 omina
1108 1964 1304 2024 quaedam
1330 1980 1409 2023 pro
1433 1964 1680 2007 certissimis
1702 1964 1778 2007 ob-

408 2047 617 2091 servabat.
647 2047 692 2089 Si
718 2061 843 2088 mane
866 2045 945 2087 sibi
968 2043 1135 2087 calceus
1156 2060 1402 2104 perperam,
1427 2060 1477 2086 ac
1503 2044 1672 2087 sinister
1697 2060 1776 2104 pro

409 2127 608 2180 dextero,
635 2123 934 2179 induceretur,
960 2131 1009 2165 ut
1032 2122 1196 2177 (lirum,
1223 2123 1276 2178 si,
1303 2132 1420 2166 terra
1445 2124 1607 2167 marive
1632 2124 1776 2184 ingre-

409 2206 553 2249 diente
585 2222 628 2248 se
660 2203 942 2264 longinquam
976 2203 1311 2262 profectionem,
1348 2202 1459 2247 forte
1489 2214 1698 2261 rorasset,
1729 2214 1777 2247 ut

409 2285 579 2341 laetum,
611 2284 856 2343 maturique
890 2292 931 2326 ct
965 2283 1160 2343 prosperi
1196 2283 1372 2326 reditus.
1406 2283 1490 2327 Sed
1525 2293 1567 2328 et
1598 2286 1775 2328 ostentis

409 2365 625 2426 praecipue
657 2363 923 2406 movebatur.
958 2365 1141 2406 Enatam
1176 2363 1287 2406 inter
1317 2363 1544 2423 juncturas
1580 2363 1771 2424 lapidum

409 2454 508 2487 ante
549 2443 727 2487 domum
771 2460 892 2486 suam
934 2441 1122 2503 palmam
1164 2443 1206 2484 in
1253 2441 1549 2503 compluvium
1591 2443 1771 2487 deorum

407 2524 635 2568 Penatium
672 2521 922 2577 transtulit3
958 2531 1091 2580 utque
1127 2521 1408 2572 coalesceret,
1448 2539 1607 2583 magno
1644 2539 1772 2583 opere

411 2605 588 2646 curavit.
620 2604 745 2663 Apud
775 2601 956 2646 insulani
985 2604 1194 2661 Capreas,
1223 2605 1459 2648 vctcrrimae
1486 2603 1592 2647 ilicis
1617 2603 1772 2646 domis-
