<?xml version="1.0" encoding="UTF-8"?>
<!DOCTYPE html PUBLIC "-//W3C//DTD XHTML 1.0 Transitional//EN"
    "http://www.w3.org/TR/xhtml1/DTD/xhtml1-transitional.dtd">
<html xmlns="http://www.w3.org/1999/xhtml" xml:lang="en" lang="en">
 <head>
  <title>
</title>
<meta http-equiv="Content-Type" content="text/html;charset=utf-8" />
  <meta name='ocr-system' content='tesseract 3.04.00' />
  <meta name='ocr-capabilities' content='ocr_page ocr_carea ocr_par ocr_line ocrx_word'/>
</head>
<body>
  <div class='ocr_page' id='page_1' title='image "./operagro00suetuoft_0212.png"; bbox 0 0 1971 3342; ppageno 0'>
   <div class='ocr_carea' id='block_1_1' title="bbox 431 241 1261 285">
    <p class='ocr_par' dir='ltr' id='par_1_1' title="bbox 431 241 1261 285">
     <span class='ocr_line' id='line_1_1' title="bbox 431 241 1261 285; baseline -0.002 -7"><span class='ocrx_word' id='word_1_1' title='bbox 431 241 501 285; x_wconf 67' lang='lat'>185.</span> <span class='ocrx_word' id='word_1_2' title='bbox 961 242 999 277; x_wconf 93' lang='lat' dir='ltr'>C.</span> <span class='ocrx_word' id='word_1_3' title='bbox 1030 242 1261 278; x_wconf 79' lang='lat' dir='ltr'>SUETONII</span> 
     </span>
    </p>
   </div>
   <div class='ocr_carea' id='block_1_2' title="bbox 423 322 1846 2609">
    <p class='ocr_par' dir='ltr' id='par_1_2' title="bbox 423 322 1846 1098">
     <span class='ocr_line' id='line_1_2' title="bbox 427 322 1781 383; baseline -0.001 -15"><span class='ocrx_word' id='word_1_4' title='bbox 427 323 675 379; x_wconf 82' lang='lat' dir='ltr'>abolendis3</span> <span class='ocrx_word' id='word_1_5' title='bbox 710 342 731 365; x_wconf 87' lang='lat'>«</span> <span class='ocrx_word' id='word_1_6' title='bbox 755 325 844 369; x_wconf 90' lang='lat' dir='ltr'>Cur</span> <span class='ocrx_word' id='word_1_7' title='bbox 878 323 993 367; x_wconf 90' lang='lat' dir='ltr'>enim</span> <span class='ocrx_word' id='word_1_8' title='bbox 1027 323 1106 368; x_wconf 88' lang='lat' dir='ltr'>sibi</span> <span class='ocrx_word' id='word_1_9' title='bbox 1142 341 1229 368; x_wconf 92' lang='lat' dir='ltr'>non</span> <span class='ocrx_word' id='word_1_10' title='bbox 1261 322 1414 379; x_wconf 89' lang='lat' dir='ltr'>licere,</span> <span class='ocrx_word' id='word_1_11' title='bbox 1452 322 1626 379; x_wconf 90' lang='lat' dir='ltr'>dicens,</span> <span class='ocrx_word' id='word_1_12' title='bbox 1663 323 1781 383; x_wconf 88' lang='lat' dir='ltr'>quod</span> 
     </span>
     <span class='ocr_line' id='line_1_3' title="bbox 428 401 1781 462; baseline -0.002 -15"><span class='ocrx_word' id='word_1_13' title='bbox 428 401 599 447; x_wconf 88' lang='lat' dir='ltr'>Platoni</span> <span class='ocrx_word' id='word_1_14' title='bbox 622 402 831 459; x_wconf 79' lang='lat' dir='ltr'>licuisset,</span> <span class='ocrx_word' id='word_1_15' title='bbox 853 402 926 462; x_wconf 88' lang='lat' dir='ltr'>qui</span> <span class='ocrx_word' id='word_1_16' title='bbox 947 419 1046 445; x_wconf 90' lang='lat' dir='ltr'>eum</span> <span class='ocrx_word' id='word_1_17' title='bbox 1067 413 1090 446; x_wconf 88' lang='lat' dir='ltr'>e</span> <span class='ocrx_word' id='word_1_18' title='bbox 1108 404 1302 458; x_wconf 87' lang='lat' dir='ltr'>civitate,</span> <span class='ocrx_word' id='word_1_19' title='bbox 1323 418 1450 462; x_wconf 87' lang='lat' dir='ltr'>quam</span> <span class='ocrx_word' id='word_1_20' title='bbox 1469 401 1781 458; x_wconf 77' lang='lat' dir='ltr'><strong>constituebat,</strong></span> 
     </span>
     <span class='ocr_line' id='line_1_4' title="bbox 426 480 1779 542; baseline -0.001 -18"><span class='ocrx_word' id='word_1_21' title='bbox 426 480 631 541; x_wconf 83' lang='lat' dir='ltr'>ejecerit?</span> <span class='ocrx_word' id='word_1_22' title='bbox 649 502 669 523; x_wconf 74' lang='lat'>&gt;2</span> <span class='ocrx_word' id='word_1_23' title='bbox 698 482 783 526; x_wconf 88' lang='lat' dir='ltr'>Sed</span> <span class='ocrx_word' id='word_1_24' title='bbox 808 491 850 525; x_wconf 89' lang='lat' dir='ltr'>et</span> <span class='ocrx_word' id='word_1_25' title='bbox 873 481 1045 542; x_wconf 80' lang='lat' dir='ltr'>Virgilii</span> <span class='ocrx_word' id='word_1_26' title='bbox 1073 499 1122 526; x_wconf 88' lang='lat' dir='ltr'>ac</span> <span class='ocrx_word' id='word_1_27' title='bbox 1153 483 1239 526; x_wconf 89' lang='lat' dir='ltr'>Titi</span> <span class='ocrx_word' id='word_1_28' title='bbox 1267 482 1380 525; x_wconf 91' lang='lat' dir='ltr'>Livii</span> <span class='ocrx_word' id='word_1_29' title='bbox 1408 481 1566 542; x_wconf 86' lang='lat' dir='ltr'>scripta</span> <span class='ocrx_word' id='word_1_30' title='bbox 1599 489 1641 523; x_wconf 90' lang='lat' dir='ltr'>et</span> <span class='ocrx_word' id='word_1_31' title='bbox 1671 481 1779 523; x_wconf 88' lang='lat' dir='ltr'>ima-</span> 
     </span>
     <span class='ocr_line' id='line_1_5' title="bbox 426 557 1784 622; baseline -0.001 -19"><span class='ocrx_word' id='word_1_32' title='bbox 426 561 547 621; x_wconf 87' lang='lat' dir='ltr'>gines</span> <span class='ocrx_word' id='word_1_33' title='bbox 568 595 580 618; x_wconf 92' lang='lat'>,</span> <span class='ocrx_word' id='word_1_34' title='bbox 617 560 796 622; x_wconf 89' lang='lat' dir='ltr'>paulum</span> <span class='ocrx_word' id='word_1_35' title='bbox 832 560 1000 615; x_wconf 84' lang='lat' dir='ltr'>abfuit,</span> <span class='ocrx_word' id='word_1_36' title='bbox 1040 562 1144 620; x_wconf 92' lang='lat' dir='ltr'>quin</span> <span class='ocrx_word' id='word_1_37' title='bbox 1183 578 1235 605; x_wconf 83' lang='lat' dir='ltr'>ex</span> <span class='ocrx_word' id='word_1_38' title='bbox 1271 560 1473 604; x_wconf 90' lang='lat' dir='ltr'>omnibus</span> <span class='ocrx_word' id='word_1_39' title='bbox 1509 557 1784 602; x_wconf 86' lang='lat' dir='ltr'>bibliothecis</span> 
     </span>
     <span class='ocr_line' id='line_1_6' title="bbox 425 637 1783 700; baseline -0.003 -16"><span class='ocrx_word' id='word_1_40' title='bbox 425 649 645 685; x_wconf 79' lang='lat' dir='ltr'>amoveret</span> <span class='ocrx_word' id='word_1_41' title='bbox 667 657 676 683; x_wconf 77' lang='grc' dir='ltr'><em>τ</em></span> <span class='ocrx_word' id='word_1_42' title='bbox 699 656 885 700; x_wconf 89' lang='lat' dir='ltr'>quorum</span> <span class='ocrx_word' id='word_1_43' title='bbox 911 638 1093 683; x_wconf 85' lang='lat' dir='ltr'>alterum</span> <span class='ocrx_word' id='word_1_44' title='bbox 1108 675 1119 696; x_wconf 90' lang='lat'>,</span> <span class='ocrx_word' id='word_1_45' title='bbox 1142 650 1191 683; x_wconf 91' lang='lat' dir='ltr'>ut</span> <span class='ocrx_word' id='word_1_46' title='bbox 1217 660 1237 680; x_wconf 85' lang='lat'>«</span> <span class='ocrx_word' id='word_1_47' title='bbox 1257 639 1417 683; x_wconf 89' lang='lat' dir='ltr'>nullius</span> <span class='ocrx_word' id='word_1_48' title='bbox 1441 637 1628 700; x_wconf 85' lang='lat' dir='ltr'>ingenii,</span> <span class='ocrx_word' id='word_1_49' title='bbox 1652 638 1783 680; x_wconf 88' lang='lat' dir='ltr'>mini-</span> 
     </span>
     <span class='ocr_line' id='line_1_7' title="bbox 426 703 1846 779; baseline -0.002 -17"><span class='ocrx_word' id='word_1_50' title='bbox 426 735 592 779; x_wconf 85' lang='lat' dir='ltr'>maeque</span> <span class='ocrx_word' id='word_1_51' title='bbox 615 719 844 773; x_wconf 77' lang='lat' dir='ltr'>doctrinae3</span> <span class='ocrx_word' id='word_1_52' title='bbox 863 738 884 759; x_wconf 87' lang='lat'>))</span> <span class='ocrx_word' id='word_1_53' title='bbox 910 718 1118 776; x_wconf 87' lang='lat' dir='ltr'>alterum,</span> <span class='ocrx_word' id='word_1_54' title='bbox 1144 730 1192 762; x_wconf 85' lang='lat' dir='ltr'>ut</span> <span class='ocrx_word' id='word_1_55' title='bbox 1212 740 1231 760; x_wconf 83' lang='lat'>«</span> <span class='ocrx_word' id='word_1_56' title='bbox 1251 720 1481 763; x_wconf 87' lang='lat' dir='ltr'>verbosum</span> <span class='ocrx_word' id='word_1_57' title='bbox 1505 719 1550 761; x_wconf 92' lang='lat' dir='ltr'>in</span> <span class='ocrx_word' id='word_1_58' title='bbox 1575 717 1758 761; x_wconf 83' lang='lat' dir='ltr'>historia</span> <span class='ocrx_word' id='word_1_59' title='bbox 1773 751 1785 773; x_wconf 92' lang='lat'>,</span> <span class='ocrx_word' id='word_1_60' title='bbox 1843 703 1846 707; x_wconf 32' lang='lat'>⁵</span> 
     </span>
     <span class='ocr_line' id='line_1_8' title="bbox 426 795 1784 858; baseline -0.001 -18"><span class='ocrx_word' id='word_1_61' title='bbox 426 797 802 858; x_wconf 80' lang='lat' dir='ltr'>negligentemque</span> <span class='ocrx_word' id='word_1_62' title='bbox 822 818 842 838; x_wconf 86' lang='lat'>»</span> <span class='ocrx_word' id='word_1_63' title='bbox 869 798 1086 858; x_wconf 80' lang='lat' dir='ltr'>carpebat.</span> <span class='ocrx_word' id='word_1_64' title='bbox 1114 801 1181 842; x_wconf 89' lang='lat' dir='ltr'>De</span> <span class='ocrx_word' id='word_1_65' title='bbox 1209 799 1318 858; x_wconf 85' lang='lat' dir='ltr'>juris</span> <span class='ocrx_word' id='word_1_66' title='bbox 1346 814 1519 858; x_wconf 87' lang='lat' dir='ltr'>quoque</span> <span class='ocrx_word' id='word_1_67' title='bbox 1547 795 1754 841; x_wconf 89' lang='lat' dir='ltr'>consultis</span> <span class='ocrx_word' id='word_1_68' title='bbox 1773 829 1784 849; x_wconf 94' lang='lat'>,</span> 
     </span>
     <span class='ocr_line' id='line_1_9' title="bbox 427 875 1784 936; baseline -0.001 -17"><span class='ocrx_word' id='word_1_69' title='bbox 427 877 547 936; x_wconf 81' lang='lat' dir='ltr'>quasi</span> <span class='ocrx_word' id='word_1_70' title='bbox 585 878 772 920; x_wconf 77' lang='lat' dir='ltr'>scientiae</span> <span class='ocrx_word' id='word_1_71' title='bbox 806 894 956 921; x_wconf 88' lang='lat' dir='ltr'>eorum</span> <span class='ocrx_word' id='word_1_72' title='bbox 997 894 1170 921; x_wconf 86' lang='lat' dir='ltr'>omnem</span> <span class='ocrx_word' id='word_1_73' title='bbox 1204 894 1330 921; x_wconf 86' lang='lat' dir='ltr'>usum</span> <span class='ocrx_word' id='word_1_74' title='bbox 1367 875 1636 932; x_wconf 82' lang='lat' dir='ltr'>aboliturus,</span> <span class='ocrx_word' id='word_1_75' title='bbox 1674 891 1784 934; x_wconf 76' lang='lat' dir='ltr'>saepe</span> 
     </span>
     <span class='ocr_line' id='line_1_10' title="bbox 423 954 1784 1016; baseline -0.001 -18"><span class='ocrx_word' id='word_1_76' title='bbox 423 956 622 1014; x_wconf 87' lang='lat' dir='ltr'>jactavit,</span> <span class='ocrx_word' id='word_1_77' title='bbox 648 976 668 997; x_wconf 86' lang='lat'>«</span> <span class='ocrx_word' id='word_1_78' title='bbox 689 974 756 1012; x_wconf 87' lang='lat' dir='ltr'>se,</span> <span class='ocrx_word' id='word_1_79' title='bbox 782 957 1016 1012; x_wconf 81' lang='lat' dir='ltr'>mehercle,</span> <span class='ocrx_word' id='word_1_80' title='bbox 1040 957 1317 1013; x_wconf 88' lang='lat' dir='ltr'>effecturum,</span> <span class='ocrx_word' id='word_1_81' title='bbox 1346 973 1397 999; x_wconf 90' lang='lat' dir='ltr'>ne</span> <span class='ocrx_word' id='word_1_82' title='bbox 1421 957 1495 1015; x_wconf 84' lang='lat' dir='ltr'>qui</span> <span class='ocrx_word' id='word_1_83' title='bbox 1522 954 1784 1016; x_wconf 89' lang='lat' dir='ltr'>respondere</span> 
     </span>
     <span class='ocr_line' id='line_1_11' title="bbox 427 1038 955 1098; baseline -0.002 -18"><span class='ocrx_word' id='word_1_84' title='bbox 427 1038 593 1096; x_wconf 82' lang='lat' dir='ltr'>possint</span> <span class='ocrx_word' id='word_1_85' title='bbox 619 1047 775 1098; x_wconf 81' lang='lat' dir='ltr'>praeter</span> <span class='ocrx_word' id='word_1_86' title='bbox 799 1055 912 1081; x_wconf 90' lang='lat' dir='ltr'>eum.</span> <span class='ocrx_word' id='word_1_87' title='bbox 935 1058 955 1078; x_wconf 84' lang='grc'>»</span> 
     </span>
    </p>

    <p class='ocr_par' dir='ltr' id='par_1_3' title="bbox 423 1114 1788 2609">
     <span class='ocr_line' id='line_1_12' title="bbox 490 1114 1784 1178; baseline -0.002 -19"><span class='ocrx_word' id='word_1_88' title='bbox 490 1119 672 1160; x_wconf 86' lang='lat' dir='ltr'><strong>XXXV.</strong></span> <span class='ocrx_word' id='word_1_89' title='bbox 701 1120 860 1161; x_wconf 83' lang='lat' dir='ltr'>Vetera</span> <span class='ocrx_word' id='word_1_90' title='bbox 891 1117 1148 1161; x_wconf 83' lang='lat' dir='ltr'>familiarum</span> <span class='ocrx_word' id='word_1_91' title='bbox 1178 1118 1365 1178; x_wconf 88' lang='lat' dir='ltr'>insignia</span> <span class='ocrx_word' id='word_1_92' title='bbox 1394 1115 1661 1159; x_wconf 87' lang='lat' dir='ltr'>nobilissimo</span> <span class='ocrx_word' id='word_1_93' title='bbox 1692 1114 1784 1157; x_wconf 89' lang='lat' dir='ltr'>cui·</span> 
     </span>
     <span class='ocr_line' id='line_1_13' title="bbox 427 1194 1785 1255; baseline -0.001 -17"><span class='ocrx_word' id='word_1_94' title='bbox 427 1212 511 1255; x_wconf 90' lang='lat' dir='ltr'>que</span> <span class='ocrx_word' id='word_1_95' title='bbox 547 1195 706 1238; x_wconf 85' lang='lat' dir='ltr'>ademit</span> <span class='ocrx_word' id='word_1_96' title='bbox 733 1213 740 1239; x_wconf 93' lang='lat'>:</span> <span class='ocrx_word' id='word_1_97' title='bbox 773 1198 999 1255; x_wconf 86' lang='lat' dir='ltr'>Torquato</span> <span class='ocrx_word' id='word_1_98' title='bbox 1035 1206 1264 1255; x_wconf 67' lang='lat' dir='ltr'>torquem,</span> <span class='ocrx_word' id='word_1_99' title='bbox 1303 1196 1563 1240; x_wconf 85' lang='lat' dir='ltr'>Cincinnato</span> <span class='ocrx_word' id='word_1_100' title='bbox 1594 1194 1785 1246; x_wconf 88' lang='lat' dir='ltr'>crinem;</span> 
     </span>
     <span class='ocr_line' id='line_1_14' title="bbox 427 1271 1784 1335; baseline -0.002 -17"><span class='ocrx_word' id='word_1_101' title='bbox 427 1277 506 1318; x_wconf 88' lang='lat' dir='ltr'>Cn.</span> <span class='ocrx_word' id='word_1_102' title='bbox 526 1276 754 1335; x_wconf 88' lang='lat' dir='ltr'>Pompeio,</span> <span class='ocrx_word' id='word_1_103' title='bbox 780 1276 923 1335; x_wconf 81' lang='lat' dir='ltr'>stirpis</span> <span class='ocrx_word' id='word_1_104' title='bbox 949 1276 1153 1334; x_wconf 78' lang='lat' dir='ltr'>antiquae,</span> <span class='ocrx_word' id='word_1_105' title='bbox 1182 1275 1330 1335; x_wconf 82' lang='lat' dir='ltr'>Magni</span> <span class='ocrx_word' id='word_1_106' title='bbox 1359 1289 1613 1334; x_wconf 86' lang='lat' dir='ltr'>cognomen.</span> <span class='ocrx_word' id='word_1_107' title='bbox 1634 1271 1784 1316; x_wconf 92' lang='lat' dir='ltr'>Ptolo-</span> 
     </span>
     <span class='ocr_line' id='line_1_15' title="bbox 427 1354 1785 1415; baseline -0.001 -18"><span class='ocrx_word' id='word_1_108' title='bbox 427 1371 581 1398; x_wconf 83' lang='lat' dir='ltr'>maeum</span> <span class='ocrx_word' id='word_1_109' title='bbox 596 1389 607 1411; x_wconf 92' lang='lat'>,</span> <span class='ocrx_word' id='word_1_110' title='bbox 633 1355 685 1398; x_wconf 90' lang='lat' dir='ltr'>de</span> <span class='ocrx_word' id='word_1_111' title='bbox 708 1372 792 1415; x_wconf 86' lang='lat' dir='ltr'>quo</span> <span class='ocrx_word' id='word_1_112' title='bbox 817 1354 971 1411; x_wconf 86' lang='lat' dir='ltr'>retuli,</span> <span class='ocrx_word' id='word_1_113' title='bbox 999 1365 1039 1397; x_wconf 86' lang='lat' dir='ltr'>et</span> <span class='ocrx_word' id='word_1_114' title='bbox 1062 1356 1312 1398; x_wconf 85' lang='lat' dir='ltr'>arcessitum</span> <span class='ocrx_word' id='word_1_115' title='bbox 1334 1371 1355 1397; x_wconf 89' lang='lat' dir='ltr'>e</span> <span class='ocrx_word' id='word_1_116' title='bbox 1379 1370 1540 1414; x_wconf 86' lang='lat' dir='ltr'>regno,</span> <span class='ocrx_word' id='word_1_117' title='bbox 1565 1363 1608 1396; x_wconf 89' lang='lat' dir='ltr'>et</span> <span class='ocrx_word' id='word_1_118' title='bbox 1630 1368 1785 1412; x_wconf 82' lang='lat' dir='ltr'>excep-</span> 
     </span>
     <span class='ocr_line' id='line_1_16' title="bbox 428 1432 1786 1495; baseline -0.002 -17"><span class='ocrx_word' id='word_1_119' title='bbox 428 1445 518 1478; x_wconf 86' lang='lat' dir='ltr'>tum</span> <span class='ocrx_word' id='word_1_120' title='bbox 556 1436 825 1491; x_wconf 83' lang='lat' dir='ltr'>honorifice,</span> <span class='ocrx_word' id='word_1_121' title='bbox 860 1453 946 1479; x_wconf 85' lang='lat' dir='ltr'>non</span> <span class='ocrx_word' id='word_1_122' title='bbox 981 1435 1063 1478; x_wconf 85' lang='lat' dir='ltr'>alia</span> <span class='ocrx_word' id='word_1_123' title='bbox 1102 1435 1153 1477; x_wconf 88' lang='lat' dir='ltr'>de</span> <span class='ocrx_word' id='word_1_124' title='bbox 1183 1452 1312 1478; x_wconf 87' lang='lat' dir='ltr'>causa</span> <span class='ocrx_word' id='word_1_125' title='bbox 1353 1444 1526 1494; x_wconf 87' lang='lat' dir='ltr'>repente</span> <span class='ocrx_word' id='word_1_126' title='bbox 1566 1432 1786 1495; x_wconf 88' lang='lat' dir='ltr'>perculit,</span> 
     </span>
     <span class='ocr_line' id='line_1_17' title="bbox 427 1513 1787 1575; baseline 0.001 -19"><span class='ocrx_word' id='word_1_127' title='bbox 427 1531 557 1573; x_wconf 82' lang='lat' dir='ltr'>quam</span> <span class='ocrx_word' id='word_1_128' title='bbox 584 1515 728 1574; x_wconf 89' lang='lat' dir='ltr'>quod,</span> <span class='ocrx_word' id='word_1_129' title='bbox 760 1515 910 1558; x_wconf 86' lang='lat' dir='ltr'>edente</span> <span class='ocrx_word' id='word_1_130' title='bbox 947 1532 990 1557; x_wconf 88' lang='lat' dir='ltr'>se</span> <span class='ocrx_word' id='word_1_131' title='bbox 1023 1532 1210 1571; x_wconf 87' lang='lat' dir='ltr'>munus,</span> <span class='ocrx_word' id='word_1_132' title='bbox 1240 1516 1480 1575; x_wconf 81' lang='lat' dir='ltr'>ingressum</span> <span class='ocrx_word' id='word_1_133' title='bbox 1510 1513 1754 1574; x_wconf 88' lang='lat' dir='ltr'>spectacula</span> <span class='ocrx_word' id='word_1_134' title='bbox 1776 1548 1787 1568; x_wconf 90' lang='lat'>,</span> 
     </span>
     <span class='ocr_line' id='line_1_18' title="bbox 426 1593 1781 1655; baseline 0 -19"><span class='ocrx_word' id='word_1_135' title='bbox 426 1595 687 1637; x_wconf 85' lang='lat' dir='ltr'>convertisse</span> <span class='ocrx_word' id='word_1_136' title='bbox 725 1596 950 1638; x_wconf 82' lang='lat' dir='ltr'>hominum</span> <span class='ocrx_word' id='word_1_137' title='bbox 983 1594 1131 1638; x_wconf 87' lang='lat' dir='ltr'>oculos</span> <span class='ocrx_word' id='word_1_138' title='bbox 1166 1594 1332 1655; x_wconf 80' lang='lat' dir='ltr'>fulgore</span> <span class='ocrx_word' id='word_1_139' title='bbox 1366 1610 1594 1654; x_wconf 87' lang='lat' dir='ltr'>purpureae</span> <span class='ocrx_word' id='word_1_140' title='bbox 1628 1593 1781 1637; x_wconf 77' lang='lat' dir='ltr'>abollae</span> 
     </span>
     <span class='ocr_line' id='line_1_19' title="bbox 427 1673 1782 1733; baseline 0.001 -18"><span class='ocrx_word' id='word_1_141' title='bbox 427 1673 743 1717; x_wconf 85' lang='lat' dir='ltr'>animadvertit.</span> <span class='ocrx_word' id='word_1_142' title='bbox 770 1674 979 1717; x_wconf 78' lang='lat' dir='ltr'>Pulchros</span> <span class='ocrx_word' id='word_1_143' title='bbox 1005 1684 1045 1717; x_wconf 90' lang='lat' dir='ltr'>et</span> <span class='ocrx_word' id='word_1_144' title='bbox 1076 1684 1292 1727; x_wconf 78' lang='lat' dir='ltr'>comatos,</span> <span class='ocrx_word' id='word_1_145' title='bbox 1323 1675 1488 1733; x_wconf 91' lang='lat' dir='ltr'>quoties</span> <span class='ocrx_word' id='word_1_146' title='bbox 1519 1674 1598 1717; x_wconf 85' lang='lat' dir='ltr'>sibi</span> <span class='ocrx_word' id='word_1_147' title='bbox 1628 1690 1782 1717; x_wconf 90' lang='lat' dir='ltr'>occur-</span> 
     </span>
     <span class='ocr_line' id='line_1_20' title="bbox 427 1752 1785 1813; baseline 0.001 -19"><span class='ocrx_word' id='word_1_148' title='bbox 427 1762 599 1808; x_wconf 89' lang='lat' dir='ltr'>rerent,</span> <span class='ocrx_word' id='word_1_149' title='bbox 626 1755 827 1813; x_wconf 81' lang='lat' dir='ltr'>occipitio</span> <span class='ocrx_word' id='word_1_150' title='bbox 858 1771 953 1797; x_wconf 88' lang='lat' dir='ltr'>raso</span> <span class='ocrx_word' id='word_1_151' title='bbox 984 1753 1255 1813; x_wconf 85' lang='lat' dir='ltr'>deturpabat.</span> <span class='ocrx_word' id='word_1_152' title='bbox 1288 1756 1394 1796; x_wconf 84' lang='lat' dir='ltr'>Erat</span> <span class='ocrx_word' id='word_1_153' title='bbox 1421 1754 1546 1796; x_wconf 88' lang='lat' dir='ltr'>Esius</span> <span class='ocrx_word' id='word_1_154' title='bbox 1574 1752 1785 1797; x_wconf 89' lang='lat' dir='ltr'>Proculus</span> 
     </span>
     <span class='ocr_line' id='line_1_21' title="bbox 426 1831 1781 1893; baseline 0.001 -19"><span class='ocrx_word' id='word_1_155' title='bbox 426 1840 548 1891; x_wconf 87' lang='lat' dir='ltr'>patre</span> <span class='ocrx_word' id='word_1_156' title='bbox 583 1832 867 1892; x_wconf 84' lang='lat' dir='ltr'>primipilari,</span> <span class='ocrx_word' id='word_1_157' title='bbox 897 1834 951 1876; x_wconf 91' lang='lat' dir='ltr'>ob</span> <span class='ocrx_word' id='word_1_158' title='bbox 979 1834 1196 1893; x_wconf 77' lang='lat' dir='ltr'>egregiam</span> <span class='ocrx_word' id='word_1_159' title='bbox 1231 1833 1424 1893; x_wconf 83' lang='lat' dir='ltr'>corporis</span> <span class='ocrx_word' id='word_1_160' title='bbox 1450 1831 1781 1893; x_wconf 86' lang='lat' dir='ltr'>amplitudinem</span> 
     </span>
     <span class='ocr_line' id='line_1_22' title="bbox 427 1911 1781 1972; baseline 0.002 -20"><span class='ocrx_word' id='word_1_161' title='bbox 427 1919 467 1952; x_wconf 90' lang='lat' dir='ltr'>et</span> <span class='ocrx_word' id='word_1_162' title='bbox 497 1912 680 1970; x_wconf 85' lang='lat' dir='ltr'>speciem</span> <span class='ocrx_word' id='word_1_163' title='bbox 709 1912 957 1956; x_wconf 71' lang='lat' dir='ltr'>Colosseros</span> <span class='ocrx_word' id='word_1_164' title='bbox 984 1912 1135 1956; x_wconf 87' lang='lat' dir='ltr'>dictus.</span> <span class='ocrx_word' id='word_1_165' title='bbox 1161 1916 1288 1956; x_wconf 89' lang='lat' dir='ltr'>Hunc</span> <span class='ocrx_word' id='word_1_166' title='bbox 1313 1930 1336 1956; x_wconf 92' lang='lat' dir='ltr'>e</span> <span class='ocrx_word' id='word_1_167' title='bbox 1359 1911 1610 1972; x_wconf 81' lang='lat' dir='ltr'>spectaculis</span> <span class='ocrx_word' id='word_1_168' title='bbox 1638 1911 1781 1955; x_wconf 88' lang='lat' dir='ltr'>detra-</span> 
     </span>
     <span class='ocr_line' id='line_1_23' title="bbox 426 1992 1786 2050; baseline 0.004 -20"><span class='ocrx_word' id='word_1_169' title='bbox 426 1998 542 2032; x_wconf 85' lang='lat' dir='ltr'>ctum</span> <span class='ocrx_word' id='word_1_170' title='bbox 573 2001 772 2050; x_wconf 87' lang='lat' dir='ltr'>repente,</span> <span class='ocrx_word' id='word_1_171' title='bbox 796 2003 839 2035; x_wconf 87' lang='lat' dir='ltr'>et</span> <span class='ocrx_word' id='word_1_172' title='bbox 869 1994 911 2035; x_wconf 93' lang='lat' dir='ltr'>in</span> <span class='ocrx_word' id='word_1_173' title='bbox 937 2009 1111 2036; x_wconf 86' lang='lat' dir='ltr'>arenam</span> <span class='ocrx_word' id='word_1_174' title='bbox 1137 1992 1393 2047; x_wconf 89' lang='lat' dir='ltr'>deductum,</span> <span class='ocrx_word' id='word_1_175' title='bbox 1415 1992 1592 2048; x_wconf 86' lang='lat' dir='ltr'>Threci,</span> <span class='ocrx_word' id='word_1_176' title='bbox 1618 2002 1662 2035; x_wconf 90' lang='lat' dir='ltr'>et</span> <span class='ocrx_word' id='word_1_177' title='bbox 1683 2008 1786 2035; x_wconf 81' lang='lat' dir='ltr'>mox</span> 
     </span>
     <span class='ocr_line' id='line_1_24' title="bbox 427 2068 1786 2132; baseline 0.003 -22"><span class='ocrx_word' id='word_1_178' title='bbox 427 2068 714 2128; x_wconf 87' lang='lat' dir='ltr'>hoplomacho</span> <span class='ocrx_word' id='word_1_179' title='bbox 735 2072 1001 2130; x_wconf 87' lang='lat' dir='ltr'>comparavit</span> <span class='ocrx_word' id='word_1_180' title='bbox 1018 2088 1026 2113; x_wconf 90' lang='lat'>:</span> <span class='ocrx_word' id='word_1_181' title='bbox 1047 2072 1196 2131; x_wconf 87' lang='lat' dir='ltr'>bisque</span> <span class='ocrx_word' id='word_1_182' title='bbox 1213 2072 1421 2114; x_wconf 86' lang='lat' dir='ltr'>victorem</span> <span class='ocrx_word' id='word_1_183' title='bbox 1438 2072 1676 2132; x_wconf 86' lang='lat' dir='ltr'>constringi</span> <span class='ocrx_word' id='word_1_184' title='bbox 1693 2072 1786 2116; x_wconf 92' lang='lat' dir='ltr'>sine</span> 
     </span>
     <span class='ocr_line' id='line_1_25' title="bbox 427 2149 1788 2210; baseline 0.004 -21"><span class='ocrx_word' id='word_1_185' title='bbox 427 2163 547 2190; x_wconf 85' lang='lat' dir='ltr'>mora</span> <span class='ocrx_word' id='word_1_186' title='bbox 568 2149 722 2207; x_wconf 73' lang='lat' dir='ltr'>jussit,</span> <span class='ocrx_word' id='word_1_187' title='bbox 747 2159 788 2192; x_wconf 90' lang='lat' dir='ltr'>et</span> <span class='ocrx_word' id='word_1_188' title='bbox 818 2151 972 2210; x_wconf 86' lang='lat' dir='ltr'>pannis</span> <span class='ocrx_word' id='word_1_189' title='bbox 997 2151 1187 2193; x_wconf 88' lang='lat' dir='ltr'>obsitum</span> <span class='ocrx_word' id='word_1_190' title='bbox 1214 2152 1387 2194; x_wconf 85' lang='lat' dir='ltr'>vicatim</span> <span class='ocrx_word' id='word_1_191' title='bbox 1416 2151 1709 2207; x_wconf 88' lang='lat' dir='ltr'>circumduci,</span> <span class='ocrx_word' id='word_1_192' title='bbox 1739 2167 1788 2196; x_wconf 87' lang='lat' dir='ltr'>ac</span> 
     </span>
     <span class='ocr_line' id='line_1_26' title="bbox 426 2226 1787 2293; baseline 0.004 -24"><span class='ocrx_word' id='word_1_193' title='bbox 426 2226 681 2271; x_wconf 85' lang='lat' dir='ltr'>mulieribus</span> <span class='ocrx_word' id='word_1_194' title='bbox 704 2230 894 2285; x_wconf 87' lang='lat' dir='ltr'>ostendi,</span> <span class='ocrx_word' id='word_1_195' title='bbox 917 2230 1070 2273; x_wconf 85' lang='lat' dir='ltr'>deinde</span> <span class='ocrx_word' id='word_1_196' title='bbox 1086 2229 1291 2291; x_wconf 84' lang='lat' dir='ltr'>jugulari.</span> <span class='ocrx_word' id='word_1_197' title='bbox 1312 2230 1470 2276; x_wconf 86' lang='lat' dir='ltr'>Nullus</span> <span class='ocrx_word' id='word_1_198' title='bbox 1493 2232 1678 2293; x_wconf 92' lang='lat' dir='ltr'>denique</span> <span class='ocrx_word' id='word_1_199' title='bbox 1698 2241 1787 2275; x_wconf 86' lang='lat' dir='ltr'>tam</span> 
     </span>
     <span class='ocr_line' id='line_1_27' title="bbox 427 2307 1787 2372; baseline 0.004 -23"><span class='ocrx_word' id='word_1_200' title='bbox 427 2307 602 2366; x_wconf 80' lang='lat' dir='ltr'>abjectae</span> <span class='ocrx_word' id='word_1_201' title='bbox 631 2309 915 2363; x_wconf 79' lang='lat' dir='ltr'>conditionis,</span> <span class='ocrx_word' id='word_1_202' title='bbox 943 2320 1115 2370; x_wconf 81' lang='lat' dir='ltr'>tamque</span> <span class='ocrx_word' id='word_1_203' title='bbox 1144 2320 1344 2354; x_wconf 81' lang='lat' dir='ltr'>extremae</span> <span class='ocrx_word' id='word_1_204' title='bbox 1371 2313 1498 2355; x_wconf 90' lang='lat' dir='ltr'>sortis</span> <span class='ocrx_word' id='word_1_205' title='bbox 1527 2312 1634 2368; x_wconf 84' lang='lat' dir='ltr'>fuit,</span> <span class='ocrx_word' id='word_1_206' title='bbox 1663 2313 1787 2372; x_wconf 85' lang='lat' dir='ltr'>cujus</span> 
     </span>
     <span class='ocr_line' id='line_1_28' title="bbox 427 2388 1785 2451; baseline 0.004 -23"><span class='ocrx_word' id='word_1_207' title='bbox 427 2403 514 2429; x_wconf 87' lang='lat' dir='ltr'>non</span> <span class='ocrx_word' id='word_1_208' title='bbox 535 2388 772 2431; x_wconf 85' lang='lat' dir='ltr'>commodis</span> <span class='ocrx_word' id='word_1_209' title='bbox 791 2389 1063 2433; x_wconf 83' lang='lat' dir='ltr'>obtrectaret.</span> <span class='ocrx_word' id='word_1_210' title='bbox 1085 2392 1342 2434; x_wconf 88' lang='lat' dir='ltr'>Nemorensi</span> <span class='ocrx_word' id='word_1_211' title='bbox 1362 2393 1472 2451; x_wconf 89' lang='lat' dir='ltr'>regi,</span> <span class='ocrx_word' id='word_1_212' title='bbox 1491 2391 1606 2451; x_wconf 86' lang='lat' dir='ltr'>quod</span> <span class='ocrx_word' id='word_1_213' title='bbox 1628 2390 1785 2434; x_wconf 89' lang='lat' dir='ltr'>multos</span> 
     </span>
     <span class='ocr_line' id='line_1_29' title="bbox 423 2465 1785 2528; baseline 0.004 -21"><span class='ocrx_word' id='word_1_214' title='bbox 423 2465 512 2523; x_wconf 85' lang='lat' dir='ltr'>jam</span> <span class='ocrx_word' id='word_1_215' title='bbox 537 2483 672 2511; x_wconf 87' lang='lat' dir='ltr'>annos</span> <span class='ocrx_word' id='word_1_216' title='bbox 694 2470 906 2528; x_wconf 82' lang='lat' dir='ltr'>potiretur</span> <span class='ocrx_word' id='word_1_217' title='bbox 927 2469 1188 2525; x_wconf 88' lang='lat' dir='ltr'>sacerdotio,</span> <span class='ocrx_word' id='word_1_218' title='bbox 1212 2470 1466 2514; x_wconf 85' lang='lat' dir='ltr'>validiorem</span> <span class='ocrx_word' id='word_1_219' title='bbox 1490 2471 1785 2515; x_wconf 88' lang='lat' dir='ltr'>adversarium</span> 
     </span>
     <span class='ocr_line' id='line_1_30' title="bbox 428 2545 1785 2609; baseline 0.004 -22"><span class='ocrx_word' id='word_1_220' title='bbox 428 2545 694 2590; x_wconf 88' lang='lat' dir='ltr'>subornavit.</span> <span class='ocrx_word' id='word_1_221' title='bbox 712 2550 863 2607; x_wconf 78' lang='lat' dir='ltr'>Quum</span> <span class='ocrx_word' id='word_1_222' title='bbox 881 2549 1069 2609; x_wconf 84' lang='lat' dir='ltr'>quodam</span> <span class='ocrx_word' id='word_1_223' title='bbox 1091 2549 1159 2592; x_wconf 87' lang='lat' dir='ltr'>‹lie</span> <span class='ocrx_word' id='word_1_224' title='bbox 1178 2551 1387 2606; x_wconf 84' lang='lat' dir='ltr'>muneris,</span> <span class='ocrx_word' id='word_1_225' title='bbox 1405 2549 1616 2594; x_wconf 86' lang='lat' dir='ltr'>essedario</span> <span class='ocrx_word' id='word_1_226' title='bbox 1636 2551 1785 2604; x_wconf 85' lang='lat' dir='ltr'>Porio,</span> 
     </span>
    </p>
   </div>
   <div class='ocr_carea' id='block_1_3' title="bbox 429 2624 1784 2689">
    <p class='ocr_par' dir='ltr' id='par_1_4' title="bbox 429 2624 1784 2689">
     <span class='ocr_line' id='line_1_31' title="bbox 429 2624 1784 2689; baseline 0.007 -24"><span class='ocrx_word' id='word_1_227' title='bbox 429 2624 483 2666; x_wconf 89' lang='lat' dir='ltr'>ob</span> <span class='ocrx_word' id='word_1_228' title='bbox 526 2643 776 2686; x_wconf 83' lang='lat' dir='ltr'>prosperam</span> <span class='ocrx_word' id='word_1_229' title='bbox 821 2646 1010 2689; x_wconf 84' lang='lat' dir='ltr'>pugnam</span> <span class='ocrx_word' id='word_1_230' title='bbox 1052 2646 1221 2672; x_wconf 75' lang='lat' dir='ltr'>servum</span> <span class='ocrx_word' id='word_1_231' title='bbox 1264 2648 1388 2673; x_wconf 84' lang='lat' dir='ltr'>suum</span> <span class='ocrx_word' id='word_1_232' title='bbox 1431 2631 1784 2687; x_wconf 86' lang='lat' dir='ltr'>manumittenti,</span> 
     </span>
    </p>
   </div>
  </div>
 </body>
</html>
