<?xml version="1.0" encoding="UTF-8"?>
<!DOCTYPE html PUBLIC "-//W3C//DTD XHTML 1.0 Transitional//EN"
    "http://www.w3.org/TR/xhtml1/DTD/xhtml1-transitional.dtd">
<html xmlns="http://www.w3.org/1999/xhtml" xml:lang="en" lang="en">
 <head>
  <title>
</title>
<meta http-equiv="Content-Type" content="text/html;charset=utf-8" />
  <meta name='ocr-system' content='tesseract 3.04.00' />
  <meta name='ocr-capabilities' content='ocr_page ocr_carea ocr_par ocr_line ocrx_word'/>
</head>
<body>
  <div class='ocr_page' id='page_1' title='image "./operagro00suetuoft_0376.png"; bbox 0 0 1971 3342; ppageno 0'>
   <div class='ocr_carea' id='block_1_1' title="bbox 383 236 1232 272">
    <p class='ocr_par' dir='ltr' id='par_1_1' title="bbox 383 236 1232 272">
     <span class='ocr_line' id='line_1_1' title="bbox 383 236 1232 272; baseline -0.001 0"><span class='ocrx_word' id='word_1_1' title='bbox 383 236 430 272; x_wconf 76' lang='lat'>66</span> <span class='ocrx_word' id='word_1_2' title='bbox 926 236 965 271; x_wconf 91' lang='lat' dir='ltr'>C.</span> <span class='ocrx_word' id='word_1_3' title='bbox 997 237 1232 272; x_wconf 84' lang='lat' dir='ltr'>SUETONII</span> 
     </span>
    </p>
   </div>
   <div class='ocr_carea' id='block_1_2' title="bbox 381 317 1781 2721">
    <p class='ocr_par' dir='ltr' id='par_1_2' title="bbox 381 317 1780 1666">
     <span class='ocr_line' id='line_1_2' title="bbox 382 317 1769 381; baseline -0.004 -15"><span class='ocrx_word' id='word_1_4' title='bbox 382 321 715 366; x_wconf 88' lang='lat' dir='ltr'>consuetudine.</span> <span class='ocrx_word' id='word_1_5' title='bbox 746 323 867 366; x_wconf 83' lang='lat' dir='ltr'>Duas</span> <span class='ocrx_word' id='word_1_6' title='bbox 893 321 1160 365; x_wconf 79' lang='lat' dir='ltr'>circensibus</span> <span class='ocrx_word' id='word_1_7' title='bbox 1182 335 1364 381; x_wconf 82' lang='lat' dir='ltr'>gregum</span> <span class='ocrx_word' id='word_1_8' title='bbox 1397 317 1607 362; x_wconf 87' lang='lat' dir='ltr'>factiones</span> <span class='ocrx_word' id='word_1_9' title='bbox 1628 320 1769 362; x_wconf 84' lang='lat' dir='ltr'>aurati</span> 
     </span>
     <span class='ocr_line' id='line_1_3' title="bbox 381 397 1771 463; baseline -0.003 -17"><span class='ocrx_word' id='word_1_10' title='bbox 381 402 683 463; x_wconf 81' lang='lat' dir='ltr'>purpureique</span> <span class='ocrx_word' id='word_1_11' title='bbox 712 401 846 463; x_wconf 88' lang='lat' dir='ltr'>panni</span> <span class='ocrx_word' id='word_1_12' title='bbox 878 400 932 445; x_wconf 91' lang='lat' dir='ltr'>ad</span> <span class='ocrx_word' id='word_1_13' title='bbox 969 410 1160 461; x_wconf 79' lang='lat' dir='ltr'>quatuor</span> <span class='ocrx_word' id='word_1_14' title='bbox 1184 400 1391 460; x_wconf 86' lang='lat' dir='ltr'>pristinas</span> <span class='ocrx_word' id='word_1_15' title='bbox 1419 397 1602 443; x_wconf 84' lang='lat' dir='ltr'><strong>addidit.</strong></span> <span class='ocrx_word' id='word_1_16' title='bbox 1630 401 1771 443; x_wconf 88' lang='lat' dir='ltr'>Inter-</span> 
     </span>
     <span class='ocr_line' id='line_1_4' title="bbox 381 479 1770 541; baseline -0.003 -14"><span class='ocrx_word' id='word_1_17' title='bbox 381 483 488 527; x_wconf 83' lang='lat' dir='ltr'>dixit</span> <span class='ocrx_word' id='word_1_18' title='bbox 515 482 803 527; x_wconf 86' lang='lat' dir='ltr'>histrionibus</span> <span class='ocrx_word' id='word_1_19' title='bbox 842 497 1014 525; x_wconf 85' lang='lat' dir='ltr'>scenam</span> <span class='ocrx_word' id='word_1_20' title='bbox 1034 515 1044 535; x_wconf 95' lang='lat'>‚</span> <span class='ocrx_word' id='word_1_21' title='bbox 1080 482 1196 525; x_wconf 89' lang='lat' dir='ltr'>intra</span> <span class='ocrx_word' id='word_1_22' title='bbox 1233 480 1412 524; x_wconf 89' lang='lat' dir='ltr'>domum</span> <span class='ocrx_word' id='word_1_23' title='bbox 1443 479 1622 541; x_wconf 90' lang='lat' dir='ltr'>quidem</span> <span class='ocrx_word' id='word_1_24' title='bbox 1647 497 1770 524; x_wconf 88' lang='lat' dir='ltr'>exer-</span> 
     </span>
     <span class='ocr_line' id='line_1_5' title="bbox 382 560 1774 623; baseline -0.001 -16"><span class='ocrx_word' id='word_1_25' title='bbox 382 563 508 608; x_wconf 89' lang='lat' dir='ltr'>cendi</span> <span class='ocrx_word' id='word_1_26' title='bbox 530 572 666 608; x_wconf 89' lang='lat' dir='ltr'>artem</span> <span class='ocrx_word' id='word_1_27' title='bbox 682 563 784 623; x_wconf 86' lang='lat' dir='ltr'>jure</span> <span class='ocrx_word' id='word_1_28' title='bbox 799 578 1021 606; x_wconf 91' lang='lat' dir='ltr'>concesso.</span> <span class='ocrx_word' id='word_1_29' title='bbox 1045 562 1241 606; x_wconf 82' lang='lat' dir='ltr'>Castrari</span> <span class='ocrx_word' id='word_1_30' title='bbox 1265 577 1405 605; x_wconf 87' lang='lat' dir='ltr'>mares</span> <span class='ocrx_word' id='word_1_31' title='bbox 1431 561 1582 604; x_wconf 89' lang='lat' dir='ltr'>vetuit.</span> <span class='ocrx_word' id='word_1_32' title='bbox 1605 560 1774 622; x_wconf 88' lang='lat' dir='ltr'>Spado-</span> 
     </span>
     <span class='ocr_line' id='line_1_6' title="bbox 384 640 1772 705; baseline -0.003 -17"><span class='ocrx_word' id='word_1_33' title='bbox 384 662 514 700; x_wconf 91' lang='lat' dir='ltr'>num,</span> <span class='ocrx_word' id='word_1_34' title='bbox 541 644 617 705; x_wconf 91' lang='lat' dir='ltr'>qui</span> <span class='ocrx_word' id='word_1_35' title='bbox 642 643 805 687; x_wconf 87' lang='lat' dir='ltr'>residui</span> <span class='ocrx_word' id='word_1_36' title='bbox 824 641 943 703; x_wconf 86' lang='lat' dir='ltr'>apud</span> <span class='ocrx_word' id='word_1_37' title='bbox 965 659 1204 703; x_wconf 83' lang='lat' dir='ltr'>mangones</span> <span class='ocrx_word' id='word_1_38' title='bbox 1224 651 1374 697; x_wconf 86' lang='lat' dir='ltr'>erant,</span> <span class='ocrx_word' id='word_1_39' title='bbox 1395 642 1538 703; x_wconf 88' lang='lat' dir='ltr'>pretia</span> <span class='ocrx_word' id='word_1_40' title='bbox 1569 640 1772 685; x_wconf 88' lang='lat' dir='ltr'>modera-</span> 
     </span>
     <span class='ocr_line' id='line_1_7' title="bbox 383 721 1773 782; baseline -0.002 -13"><span class='ocrx_word' id='word_1_41' title='bbox 383 735 450 769; x_wconf 80' lang='lat' dir='ltr'>tus</span> <span class='ocrx_word' id='word_1_42' title='bbox 470 734 545 769; x_wconf 91' lang='lat' dir='ltr'>est.</span> <span class='ocrx_word' id='word_1_43' title='bbox 570 723 636 769; x_wconf 82' lang='lat' dir='ltr'>Ad</span> <span class='ocrx_word' id='word_1_44' title='bbox 658 739 874 767; x_wconf 87' lang='lat' dir='ltr'>summam</span> <span class='ocrx_word' id='word_1_45' title='bbox 900 722 1122 782; x_wconf 85' lang='lat' dir='ltr'>quondam</span> <span class='ocrx_word' id='word_1_46' title='bbox 1150 723 1394 767; x_wconf 88' lang='lat' dir='ltr'>ubertatem</span> <span class='ocrx_word' id='word_1_47' title='bbox 1413 722 1534 779; x_wconf 89' lang='lat' dir='ltr'>vini,</span> <span class='ocrx_word' id='word_1_48' title='bbox 1563 721 1773 766; x_wconf 89' lang='lat' dir='ltr'>frumenti</span> 
     </span>
     <span class='ocr_line' id='line_1_8' title="bbox 381 802 1775 865; baseline -0.001 -18"><span class='ocrx_word' id='word_1_49' title='bbox 381 822 484 849; x_wconf 85' lang='lat' dir='ltr'>vero</span> <span class='ocrx_word' id='word_1_50' title='bbox 524 804 744 865; x_wconf 86' lang='lat' dir='ltr'>inopiam,</span> <span class='ocrx_word' id='word_1_51' title='bbox 785 803 1039 846; x_wconf 87' lang='lat' dir='ltr'>existimans</span> <span class='ocrx_word' id='word_1_52' title='bbox 1079 803 1217 846; x_wconf 90' lang='lat' dir='ltr'>nimio</span> <span class='ocrx_word' id='word_1_53' title='bbox 1256 804 1482 847; x_wconf 89' lang='lat' dir='ltr'>vinearum</span> <span class='ocrx_word' id='word_1_54' title='bbox 1515 802 1662 847; x_wconf 90' lang='lat' dir='ltr'>studio</span> <span class='ocrx_word' id='word_1_55' title='bbox 1699 819 1775 846; x_wconf 90' lang='lat' dir='ltr'>ne-</span> 
     </span>
     <span class='ocr_line' id='line_1_9' title="bbox 382 881 1774 947; baseline -0.001 -19"><span class='ocrx_word' id='word_1_56' title='bbox 382 884 486 947; x_wconf 87' lang='lat' dir='ltr'>gligi</span> <span class='ocrx_word' id='word_1_57' title='bbox 513 901 641 940; x_wconf 85' lang='lat' dir='ltr'>arva,</span> <span class='ocrx_word' id='word_1_58' title='bbox 669 882 825 939; x_wconf 84' lang='lat' dir='ltr'>edixit,</span> <span class='ocrx_word' id='word_1_59' title='bbox 851 884 920 928; x_wconf 91' lang='lat' dir='ltr'>Ne</span> <span class='ocrx_word' id='word_1_60' title='bbox 945 886 1042 942; x_wconf 88' lang='lat' dir='ltr'>quis</span> <span class='ocrx_word' id='word_1_61' title='bbox 1069 883 1113 926; x_wconf 90' lang='lat' dir='ltr'>in</span> <span class='ocrx_word' id='word_1_62' title='bbox 1136 881 1262 926; x_wconf 89' lang='lat' dir='ltr'>Italia</span> <span class='ocrx_word' id='word_1_63' title='bbox 1283 881 1548 938; x_wconf 75' lang='lat' dir='ltr'>novellat-et,</span> <span class='ocrx_word' id='word_1_64' title='bbox 1569 892 1708 943; x_wconf 90' lang='lat' dir='ltr'>utque</span> <span class='ocrx_word' id='word_1_65' title='bbox 1730 883 1774 926; x_wconf 91' lang='lat' dir='ltr'>in</span> 
     </span>
     <span class='ocr_line' id='line_1_10' title="bbox 384 961 1775 1026; baseline -0.001 -17"><span class='ocrx_word' id='word_1_66' title='bbox 384 965 621 1026; x_wconf 88' lang='lat' dir='ltr'>provinciis</span> <span class='ocrx_word' id='word_1_67' title='bbox 648 965 793 1008; x_wconf 85' lang='lat' dir='ltr'>vineta</span> <span class='ocrx_word' id='word_1_68' title='bbox 822 963 1176 1019; x_wconf 85' lang='lat' dir='ltr'>succiderentur,</span> <span class='ocrx_word' id='word_1_69' title='bbox 1203 961 1379 1020; x_wconf 86' lang='lat' dir='ltr'>relicta,</span> <span class='ocrx_word' id='word_1_70' title='bbox 1407 963 1481 1007; x_wconf 93' lang='lat' dir='ltr'>ubi</span> <span class='ocrx_word' id='word_1_71' title='bbox 1509 962 1775 1024; x_wconf 91' lang='lat' dir='ltr'>plurimum,</span> 
     </span>
     <span class='ocr_line' id='line_1_11' title="bbox 383 1044 1777 1106; baseline -0.001 -18"><span class='ocrx_word' id='word_1_72' title='bbox 383 1045 563 1089; x_wconf 86' lang='lat' dir='ltr'>dimidia</span> <span class='ocrx_word' id='word_1_73' title='bbox 607 1055 730 1106; x_wconf 86' lang='lat' dir='ltr'>parte</span> <span class='ocrx_word' id='word_1_74' title='bbox 772 1062 780 1088; x_wconf 90' lang='lat'>:</span> <span class='ocrx_word' id='word_1_75' title='bbox 816 1061 896 1088; x_wconf 92' lang='lat' dir='ltr'>nec</span> <span class='ocrx_word' id='word_1_76' title='bbox 936 1045 1116 1104; x_wconf 86' lang='lat' dir='ltr'>exsequi</span> <span class='ocrx_word' id='word_1_77' title='bbox 1160 1060 1250 1087; x_wconf 88' lang='lat' dir='ltr'>rem</span> <span class='ocrx_word' id='word_1_78' title='bbox 1292 1044 1600 1104; x_wconf 87' lang='lat' dir='ltr'>perseveravit.</span> <span class='ocrx_word' id='word_1_79' title='bbox 1644 1045 1777 1102; x_wconf 85' lang='lat' dir='ltr'>Quae-</span> 
     </span>
     <span class='ocr_line' id='line_1_12' title="bbox 386 1124 1778 1184; baseline -0.002 -14"><span class='ocrx_word' id='word_1_80' title='bbox 386 1126 486 1170; x_wconf 90' lang='lat' dir='ltr'>dam</span> <span class='ocrx_word' id='word_1_81' title='bbox 515 1144 563 1170; x_wconf 88' lang='lat' dir='ltr'>ex</span> <span class='ocrx_word' id='word_1_82' title='bbox 606 1127 806 1170; x_wconf 82' lang='lat' dir='ltr'>maximis</span> <span class='ocrx_word' id='word_1_83' title='bbox 831 1125 987 1170; x_wconf 82' lang='lat' dir='ltr'>officiis</span> <span class='ocrx_word' id='word_1_84' title='bbox 1023 1126 1138 1169; x_wconf 89' lang='lat' dir='ltr'>inter</span> <span class='ocrx_word' id='word_1_85' title='bbox 1167 1124 1395 1168; x_wconf 88' lang='lat' dir='ltr'>libertinos</span> <span class='ocrx_word' id='word_1_86' title='bbox 1424 1124 1679 1184; x_wconf 84' lang='lat' dir='ltr'>equitesque</span> <span class='ocrx_word' id='word_1_87' title='bbox 1709 1141 1778 1167; x_wconf 88' lang='lat' dir='ltr'>ro·</span> 
     </span>
     <span class='ocr_line' id='line_1_13' title="bbox 385 1203 1779 1266; baseline -0.002 -15"><span class='ocrx_word' id='word_1_88' title='bbox 385 1224 538 1251; x_wconf 83' lang='lat' dir='ltr'>manos</span> <span class='ocrx_word' id='word_1_89' title='bbox 559 1207 916 1251; x_wconf 82' lang='lat' dir='ltr'>communicavit.</span> <span class='ocrx_word' id='word_1_90' title='bbox 947 1206 1180 1250; x_wconf 88' lang='lat' dir='ltr'>Geminari</span> <span class='ocrx_word' id='word_1_91' title='bbox 1208 1203 1431 1266; x_wconf 85' lang='lat' dir='ltr'>legionum</span> <span class='ocrx_word' id='word_1_92' title='bbox 1452 1214 1595 1249; x_wconf 86' lang='lat' dir='ltr'>castra</span> <span class='ocrx_word' id='word_1_93' title='bbox 1628 1204 1779 1265; x_wconf 88' lang='lat' dir='ltr'>prohi-</span> 
     </span>
     <span class='ocr_line' id='line_1_14' title="bbox 385 1284 1777 1350; baseline -0.002 -18"><span class='ocrx_word' id='word_1_94' title='bbox 385 1289 479 1332; x_wconf 84' lang='lat' dir='ltr'>buit</span> <span class='ocrx_word' id='word_1_95' title='bbox 503 1306 511 1332; x_wconf 87' lang='lat'>:</span> <span class='ocrx_word' id='word_1_96' title='bbox 538 1305 615 1332; x_wconf 90' lang='lat' dir='ltr'>nec</span> <span class='ocrx_word' id='word_1_97' title='bbox 637 1287 734 1350; x_wconf 91' lang='lat' dir='ltr'>plus</span> <span class='ocrx_word' id='word_1_98' title='bbox 758 1305 891 1348; x_wconf 80' lang='lat' dir='ltr'>quam</span> <span class='ocrx_word' id='word_1_99' title='bbox 913 1286 1032 1331; x_wconf 86' lang='lat' dir='ltr'>mille</span> <span class='ocrx_word' id='word_1_100' title='bbox 1056 1303 1261 1331; x_wconf 88' lang='lat' dir='ltr'>nummos</span> <span class='ocrx_word' id='word_1_101' title='bbox 1279 1302 1304 1330; x_wconf 90' lang='lat' dir='ltr'>a</span> <span class='ocrx_word' id='word_1_102' title='bbox 1324 1302 1549 1347; x_wconf 87' lang='lat' dir='ltr'>quoquam</span> <span class='ocrx_word' id='word_1_103' title='bbox 1576 1284 1634 1330; x_wconf 88' lang='lat' dir='ltr'>ad</span> <span class='ocrx_word' id='word_1_104' title='bbox 1655 1286 1777 1347; x_wconf 84' lang='lat' dir='ltr'>signa</span> 
     </span>
     <span class='ocr_line' id='line_1_15' title="bbox 383 1365 1780 1430; baseline -0.002 -18"><span class='ocrx_word' id='word_1_105' title='bbox 383 1369 566 1430; x_wconf 78' lang='lat' dir='ltr'>deponi3</span> <span class='ocrx_word' id='word_1_106' title='bbox 594 1368 714 1430; x_wconf 88' lang='lat' dir='ltr'>quod</span> <span class='ocrx_word' id='word_1_107' title='bbox 753 1371 802 1412; x_wconf 91' lang='lat' dir='ltr'>L.</span> <span class='ocrx_word' id='word_1_108' title='bbox 830 1368 1050 1414; x_wconf 86' lang='lat' dir='ltr'>Antonius</span> <span class='ocrx_word' id='word_1_109' title='bbox 1084 1366 1204 1429; x_wconf 89' lang='lat' dir='ltr'>apud</span> <span class='ocrx_word' id='word_1_110' title='bbox 1239 1366 1429 1411; x_wconf 85' lang='lat' dir='ltr'>duarum</span> <span class='ocrx_word' id='word_1_111' title='bbox 1457 1365 1683 1428; x_wconf 84' lang='lat' dir='ltr'>legionum</span> <span class='ocrx_word' id='word_1_112' title='bbox 1714 1366 1780 1410; x_wconf 91' lang='lat' dir='ltr'>hi-</span> 
     </span>
     <span class='ocr_line' id='line_1_16' title="bbox 383 1440 1779 1508; baseline -0.002 -15"><span class='ocrx_word' id='word_1_113' title='bbox 383 1450 519 1494; x_wconf 82' lang='lat' dir='ltr'>berna</span> <span class='ocrx_word' id='word_1_114' title='bbox 535 1485 547 1503; x_wconf 88' lang='lat'>,</span> <span class='ocrx_word' id='word_1_115' title='bbox 574 1468 640 1494; x_wconf 69' lang='lat' dir='ltr'>res</span> <span class='ocrx_word' id='word_1_116' title='bbox 660 1440 801 1494; x_wconf 25' lang='lat' dir='ltr'>‘novas</span> <span class='ocrx_word' id='word_1_117' title='bbox 829 1448 1034 1505; x_wconf 87' lang='lat' dir='ltr'>moliens,</span> <span class='ocrx_word' id='word_1_118' title='bbox 1061 1447 1267 1492; x_wconf 86' lang='lat' dir='ltr'>fiduciam</span> <span class='ocrx_word' id='word_1_119' title='bbox 1291 1448 1456 1508; x_wconf 88' lang='lat' dir='ltr'>cepisse</span> <span class='ocrx_word' id='word_1_120' title='bbox 1475 1447 1607 1491; x_wconf 85' lang='lat' dir='ltr'>etiam</span> <span class='ocrx_word' id='word_1_121' title='bbox 1633 1463 1686 1491; x_wconf 87' lang='lat' dir='ltr'>ex</span> <span class='ocrx_word' id='word_1_122' title='bbox 1707 1445 1779 1490; x_wconf 90' lang='lat' dir='ltr'>de-</span> 
     </span>
     <span class='ocr_line' id='line_1_17' title="bbox 384 1527 1777 1591; baseline -0.003 -16"><span class='ocrx_word' id='word_1_123' title='bbox 384 1532 629 1591; x_wconf 87' lang='lat' dir='ltr'>positorum</span> <span class='ocrx_word' id='word_1_124' title='bbox 654 1547 823 1574; x_wconf 87' lang='lat' dir='ltr'>summa</span> <span class='ocrx_word' id='word_1_125' title='bbox 846 1529 1092 1573; x_wconf 82' lang='lat' dir='ltr'>videbatur.</span> <span class='ocrx_word' id='word_1_126' title='bbox 1115 1527 1297 1572; x_wconf 89' lang='lat' dir='ltr'>Addidit</span> <span class='ocrx_word' id='word_1_127' title='bbox 1317 1538 1359 1572; x_wconf 90' lang='lat' dir='ltr'>et</span> <span class='ocrx_word' id='word_1_128' title='bbox 1383 1537 1590 1588; x_wconf 87' lang='lat' dir='ltr'>quartum</span> <span class='ocrx_word' id='word_1_129' title='bbox 1613 1528 1777 1588; x_wconf 88' lang='lat' dir='ltr'>stipen-</span> 
     </span>
     <span class='ocr_line' id='line_1_18' title="bbox 386 1611 1049 1666; baseline -0.002 -11"><span class='ocrx_word' id='word_1_130' title='bbox 386 1612 506 1657; x_wconf 89' lang='lat' dir='ltr'>dium</span> <span class='ocrx_word' id='word_1_131' title='bbox 535 1611 686 1666; x_wconf 79' lang='lat' dir='ltr'>militi,</span> <span class='ocrx_word' id='word_1_132' title='bbox 708 1628 863 1655; x_wconf 83' lang='lat' dir='ltr'>aureos</span> <span class='ocrx_word' id='word_1_133' title='bbox 888 1621 1049 1654; x_wconf 87' lang='lat' dir='ltr'>ternos.</span> 
     </span>
    </p>

    <p class='ocr_par' dir='ltr' id='par_1_3' title="bbox 384 1689 1781 2721">
     <span class='ocr_line' id='line_1_19' title="bbox 449 1689 1777 1753; baseline -0.002 -16"><span class='ocrx_word' id='word_1_134' title='bbox 449 1695 568 1737; x_wconf 81' lang='lat' dir='ltr'>VItI.</span> <span class='ocrx_word' id='word_1_135' title='bbox 596 1696 672 1737; x_wconf 89' lang='lat' dir='ltr'>Jus</span> <span class='ocrx_word' id='word_1_136' title='bbox 710 1691 942 1753; x_wconf 82' lang='lat' dir='ltr'>diligenter</span> <span class='ocrx_word' id='word_1_137' title='bbox 969 1700 1008 1735; x_wconf 92' lang='lat' dir='ltr'>et</span> <span class='ocrx_word' id='word_1_138' title='bbox 1037 1690 1250 1734; x_wconf 81' lang='lat' dir='ltr'>industrie</span> <span class='ocrx_word' id='word_1_139' title='bbox 1279 1690 1413 1745; x_wconf 80' lang='lat' dir='ltr'>dixit,</span> <span class='ocrx_word' id='word_1_140' title='bbox 1443 1689 1702 1751; x_wconf 86' lang='lat' dir='ltr'>plerumque</span> <span class='ocrx_word' id='word_1_141' title='bbox 1733 1700 1777 1734; x_wconf 86' lang='lat' dir='ltr'>et</span> 
     </span>
     <span class='ocr_line' id='line_1_20' title="bbox 386 1771 1780 1834; baseline -0.002 -16"><span class='ocrx_word' id='word_1_142' title='bbox 386 1776 427 1818; x_wconf 90' lang='lat' dir='ltr'>in</span> <span class='ocrx_word' id='word_1_143' title='bbox 467 1777 581 1818; x_wconf 90' lang='lat' dir='ltr'>Foro</span> <span class='ocrx_word' id='word_1_144' title='bbox 609 1790 690 1834; x_wconf 90' lang='lat' dir='ltr'>pro</span> <span class='ocrx_word' id='word_1_145' title='bbox 730 1772 941 1816; x_wconf 86' lang='lat' dir='ltr'>tribunali</span> <span class='ocrx_word' id='word_1_146' title='bbox 974 1782 1096 1816; x_wconf 86' lang='lat' dir='ltr'>extra</span> <span class='ocrx_word' id='word_1_147' title='bbox 1127 1771 1342 1815; x_wconf 85' lang='lat' dir='ltr'>ordinem.</span> <span class='ocrx_word' id='word_1_148' title='bbox 1383 1771 1646 1816; x_wconf 86' lang='lat' dir='ltr'>Ambitiosas</span> <span class='ocrx_word' id='word_1_149' title='bbox 1684 1787 1780 1816; x_wconf 88' lang='lat' dir='ltr'>cen-</span> 
     </span>
     <span class='ocr_line' id='line_1_21' title="bbox 386 1853 1780 1914; baseline -0.001 -16"><span class='ocrx_word' id='word_1_150' title='bbox 386 1855 679 1898; x_wconf 82' lang='lat' dir='ltr'>tumviroruni</span> <span class='ocrx_word' id='word_1_151' title='bbox 720 1853 958 1898; x_wconf 86' lang='lat' dir='ltr'>sententias</span> <span class='ocrx_word' id='word_1_152' title='bbox 998 1853 1188 1896; x_wconf 82' lang='lat' dir='ltr'>rescidit.</span> <span class='ocrx_word' id='word_1_153' title='bbox 1228 1855 1603 1914; x_wconf 87' lang='lat' dir='ltr'>Recuperatores‚</span> <span class='ocrx_word' id='word_1_154' title='bbox 1644 1868 1698 1896; x_wconf 91' lang='lat' dir='ltr'>ne</span> <span class='ocrx_word' id='word_1_155' title='bbox 1736 1869 1780 1897; x_wconf 88' lang='lat' dir='ltr'>se</span> 
     </span>
     <span class='ocr_line' id='line_1_22' title="bbox 386 1932 1781 1996; baseline -0.001 -18"><span class='ocrx_word' id='word_1_156' title='bbox 386 1935 642 1996; x_wconf 78' lang='lat' dir='ltr'>perfusoriis</span> <span class='ocrx_word' id='word_1_157' title='bbox 668 1934 984 1979; x_wconf 85' lang='lat' dir='ltr'>assertionibus</span> <span class='ocrx_word' id='word_1_158' title='bbox 1020 1932 1402 1984; x_wconf 85' lang='lat' dir='ltr'>acommodarent‚</span> <span class='ocrx_word' id='word_1_159' title='bbox 1438 1932 1677 1978; x_wconf 86' lang='lat' dir='ltr'>identidem</span> <span class='ocrx_word' id='word_1_160' title='bbox 1706 1932 1781 1978; x_wconf 89' lang='lat' dir='ltr'>ad—</span> 
     </span>
     <span class='ocr_line' id='line_1_23' title="bbox 386 2014 1780 2076; baseline -0.001 -17"><span class='ocrx_word' id='word_1_161' title='bbox 386 2017 572 2060; x_wconf 88' lang='lat' dir='ltr'>monuit.</span> <span class='ocrx_word' id='word_1_162' title='bbox 613 2016 899 2060; x_wconf 86' lang='lat' dir='ltr'>Nummarios</span> <span class='ocrx_word' id='word_1_163' title='bbox 922 2014 1092 2076; x_wconf 88' lang='lat' dir='ltr'>judices</span> <span class='ocrx_word' id='word_1_164' title='bbox 1128 2031 1227 2059; x_wconf 90' lang='lat' dir='ltr'>cum</span> <span class='ocrx_word' id='word_1_165' title='bbox 1271 2031 1349 2058; x_wconf 91' lang='lat' dir='ltr'>suo</span> <span class='ocrx_word' id='word_1_166' title='bbox 1385 2031 1604 2075; x_wconf 86' lang='lat' dir='ltr'>quemque</span> <span class='ocrx_word' id='word_1_167' title='bbox 1642 2016 1780 2060; x_wconf 87' lang='lat' dir='ltr'>consi-</span> 
     </span>
     <span class='ocr_line' id='line_1_24' title="bbox 385 2093 1780 2156; baseline 0 -16"><span class='ocrx_word' id='word_1_168' title='bbox 385 2095 442 2140; x_wconf 93' lang='lat' dir='ltr'>lio</span> <span class='ocrx_word' id='word_1_169' title='bbox 469 2096 653 2140; x_wconf 81' lang='lat' dir='ltr'>notavit.</span> <span class='ocrx_word' id='word_1_170' title='bbox 684 2099 850 2140; x_wconf 83' lang='lat' dir='ltr'>Auctor</span> <span class='ocrx_word' id='word_1_171' title='bbox 870 2104 913 2139; x_wconf 90' lang='lat' dir='ltr'>et</span> <span class='ocrx_word' id='word_1_172' title='bbox 947 2095 1135 2139; x_wconf 87' lang='lat' dir='ltr'>tribunis</span> <span class='ocrx_word' id='word_1_173' title='bbox 1168 2093 1308 2156; x_wconf 91' lang='lat' dir='ltr'>plebis</span> <span class='ocrx_word' id='word_1_174' title='bbox 1350 2095 1460 2152; x_wconf 85' lang='lat' dir='ltr'>fuit,</span> <span class='ocrx_word' id='word_1_175' title='bbox 1491 2094 1660 2140; x_wconf 84' lang='lat' dir='ltr'>aedilem</span> <span class='ocrx_word' id='word_1_176' title='bbox 1694 2113 1780 2140; x_wconf 92' lang='lat' dir='ltr'>sor-</span> 
     </span>
     <span class='ocr_line' id='line_1_25' title="bbox 384 2175 1777 2238; baseline -0.001 -17"><span class='ocrx_word' id='word_1_177' title='bbox 384 2176 538 2221; x_wconf 88' lang='lat' dir='ltr'>didum</span> <span class='ocrx_word' id='word_1_178' title='bbox 567 2176 909 2238; x_wconf 87' lang='lat' dir='ltr'>repetundarum</span> <span class='ocrx_word' id='word_1_179' title='bbox 940 2175 1195 2231; x_wconf 85' lang='lat' dir='ltr'>accusandi,</span> <span class='ocrx_word' id='word_1_180' title='bbox 1230 2175 1488 2237; x_wconf 86' lang='lat' dir='ltr'>judicesque</span> <span class='ocrx_word' id='word_1_181' title='bbox 1531 2178 1575 2221; x_wconf 89' lang='lat' dir='ltr'>in</span> <span class='ocrx_word' id='word_1_182' title='bbox 1615 2193 1717 2222; x_wconf 90' lang='lat' dir='ltr'>eum</span> <span class='ocrx_word' id='word_1_183' title='bbox 1755 2194 1777 2220; x_wconf 84' lang='lat' dir='ltr'>a</span> 
     </span>
     <span class='ocr_line' id='line_1_26' title="bbox 385 2256 1780 2319; baseline -0.001 -17"><span class='ocrx_word' id='word_1_184' title='bbox 385 2267 537 2302; x_wconf 80' lang='lat' dir='ltr'>senatu</span> <span class='ocrx_word' id='word_1_185' title='bbox 576 2256 766 2318; x_wconf 89' lang='lat' dir='ltr'>petendi.</span> <span class='ocrx_word' id='word_1_186' title='bbox 807 2257 1143 2318; x_wconf 85' lang='lat' dir='ltr'>Magistratibus</span> <span class='ocrx_word' id='word_1_187' title='bbox 1173 2273 1348 2318; x_wconf 90' lang='lat' dir='ltr'>quoque</span> <span class='ocrx_word' id='word_1_188' title='bbox 1385 2257 1570 2312; x_wconf 81' lang='lat' dir='ltr'>urbicis,</span> <span class='ocrx_word' id='word_1_189' title='bbox 1603 2258 1780 2319; x_wconf 89' lang='lat' dir='ltr'>provin-</span> 
     </span>
     <span class='ocr_line' id='line_1_27' title="bbox 385 2337 1779 2399; baseline 0 -18"><span class='ocrx_word' id='word_1_190' title='bbox 385 2339 642 2398; x_wconf 85' lang='lat' dir='ltr'>ciarumque</span> <span class='ocrx_word' id='word_1_191' title='bbox 669 2337 922 2399; x_wconf 85' lang='lat' dir='ltr'>praesidibus</span> <span class='ocrx_word' id='word_1_192' title='bbox 941 2338 1196 2382; x_wconf 84' lang='lat' dir='ltr'>coercendis</span> <span class='ocrx_word' id='word_1_193' title='bbox 1224 2347 1395 2382; x_wconf 89' lang='lat' dir='ltr'>tantum</span> <span class='ocrx_word' id='word_1_194' title='bbox 1417 2354 1533 2382; x_wconf 87' lang='lat' dir='ltr'>curae</span> <span class='ocrx_word' id='word_1_195' title='bbox 1562 2337 1779 2391; x_wconf 80' lang='lat' dir='ltr'>adhibuit,</span> 
     </span>
     <span class='ocr_line' id='line_1_28' title="bbox 387 2419 1779 2481; baseline -0.001 -17"><span class='ocrx_word' id='word_1_196' title='bbox 387 2430 434 2464; x_wconf 81' lang='lat' dir='ltr'>ut</span> <span class='ocrx_word' id='word_1_197' title='bbox 468 2436 608 2481; x_wconf 88' lang='lat' dir='ltr'>neque</span> <span class='ocrx_word' id='word_1_198' title='bbox 642 2419 930 2465; x_wconf 89' lang='lat' dir='ltr'>modestiores</span> <span class='ocrx_word' id='word_1_199' title='bbox 964 2436 1179 2480; x_wconf 83' lang='lat' dir='ltr'>unquam,</span> <span class='ocrx_word' id='word_1_200' title='bbox 1207 2436 1346 2480; x_wconf 88' lang='lat' dir='ltr'>neque</span> <span class='ocrx_word' id='word_1_201' title='bbox 1370 2420 1579 2480; x_wconf 86' lang='lat' dir='ltr'>justiores</span> <span class='ocrx_word' id='word_1_202' title='bbox 1609 2420 1779 2464; x_wconf 86' lang='lat' dir='ltr'>exstite-</span> 
     </span>
     <span class='ocr_line' id='line_1_29' title="bbox 386 2499 1780 2561; baseline -0.001 -17"><span class='ocrx_word' id='word_1_203' title='bbox 386 2502 474 2544; x_wconf 88' lang='lat' dir='ltr'>rint</span> <span class='ocrx_word' id='word_1_204' title='bbox 504 2517 513 2544; x_wconf 89' lang='lat'>:</span> <span class='ocrx_word' id='word_1_205' title='bbox 545 2517 567 2544; x_wconf 89' lang='lat' dir='ltr'>e</span> <span class='ocrx_word' id='word_1_206' title='bbox 593 2501 752 2560; x_wconf 88' lang='lat' dir='ltr'>quibus</span> <span class='ocrx_word' id='word_1_207' title='bbox 791 2499 1024 2561; x_wconf 87' lang='lat' dir='ltr'>plerosque</span> <span class='ocrx_word' id='word_1_208' title='bbox 1060 2510 1158 2561; x_wconf 90' lang='lat' dir='ltr'>post</span> <span class='ocrx_word' id='word_1_209' title='bbox 1190 2499 1312 2544; x_wconf 85' lang='lat' dir='ltr'>illum</span> <span class='ocrx_word' id='word_1_210' title='bbox 1346 2517 1441 2544; x_wconf 89' lang='lat' dir='ltr'>reos</span> <span class='ocrx_word' id='word_1_211' title='bbox 1471 2500 1670 2544; x_wconf 89' lang='lat' dir='ltr'>omnium</span> <span class='ocrx_word' id='word_1_212' title='bbox 1698 2500 1780 2543; x_wconf 89' lang='lat' dir='ltr'>cri-</span> 
     </span>
     <span class='ocr_line' id='line_1_30' title="bbox 386 2578 1777 2640; baseline -0.001 -16"><span class='ocrx_word' id='word_1_213' title='bbox 386 2583 555 2625; x_wconf 86' lang='lat' dir='ltr'>minum</span> <span class='ocrx_word' id='word_1_214' title='bbox 594 2581 819 2625; x_wconf 68' lang='lat' dir='ltr'>vidimuss</span> <span class='ocrx_word' id='word_1_215' title='bbox 844 2582 1056 2640; x_wconf 85' lang='lat' dir='ltr'>Suscepta</span> <span class='ocrx_word' id='word_1_216' title='bbox 1095 2596 1268 2624; x_wconf 89' lang='lat' dir='ltr'>morum</span> <span class='ocrx_word' id='word_1_217' title='bbox 1305 2580 1603 2636; x_wconf 88' lang='lat' dir='ltr'>correctione,</span> <span class='ocrx_word' id='word_1_218' title='bbox 1645 2578 1777 2623; x_wconf 86' lang='lat' dir='ltr'>licen—</span> 
     </span>
     <span class='ocr_line' id='line_1_31' title="bbox 389 2658 1775 2721; baseline -0.001 -18"><span class='ocrx_word' id='word_1_219' title='bbox 389 2662 491 2704; x_wconf 85' lang='lat' dir='ltr'>tiam</span> <span class='ocrx_word' id='word_1_220' title='bbox 518 2661 775 2705; x_wconf 86' lang='lat' dir='ltr'>theatralem</span> <span class='ocrx_word' id='word_1_221' title='bbox 799 2661 1046 2721; x_wconf 88' lang='lat' dir='ltr'>promiscue</span> <span class='ocrx_word' id='word_1_222' title='bbox 1072 2661 1113 2703; x_wconf 90' lang='lat' dir='ltr'>in</span> <span class='ocrx_word' id='word_1_223' title='bbox 1143 2661 1290 2721; x_wconf 89' lang='lat' dir='ltr'>equite</span> <span class='ocrx_word' id='word_1_224' title='bbox 1316 2659 1543 2721; x_wconf 86' lang='lat' dir='ltr'>spectandi</span> <span class='ocrx_word' id='word_1_225' title='bbox 1572 2658 1775 2703; x_wconf 87' lang='lat' dir='ltr'>inhibuit.</span> 
     </span>
    </p>
   </div>
  </div>
 </body>
</html>
