1971 3342
389 286 434 317 70
908 270 945 304 e.
974 271 1200 306 SUEToNu

388 367 535 418 postea
561 356 819 418 negligentia
840 355 1147 398 conturbatum
1171 364 1300 415 atque
1322 353 1573 410 confusum,
1597 369 1745 397 rursus

388 435 442 480 ad
480 436 707 498 pristinam
745 435 954 478 rationem
989 434 1154 496 redegit
1192 452 1202 478 ε
1237 436 1280 478 in
1318 434 1440 495 cujus
1475 433 1746 477 ordinatione

391 514 584 559 sextilem
616 532 806 559 mensem
838 531 861 557 e
890 530 969 557 suo
999 516 1256 575 cognomine
1286 513 1585 574 nuncupavit,
1610 513 1745 572 magis

393 611 523 655 quani
560 595 864 655 septembrem,
904 610 992 654 quo
1029 603 1119 637 erat
1155 604 1306 649 natus3
1334 594 1434 653 quia
1468 593 1550 637 hoc
1589 592 1669 636 sibi
1707 601 1747 636 et

396 675 561 735 primus
588 672 858 729 consulatus,
884 683 925 717 et
951 674 1136 734 insignes
1164 673 1351 717 victoriae
1381 673 1643 733 obtigissent.
1670 673 1747 716 Sa-

397 753 623 798 cerdotum
649 762 691 796 et
718 769 945 796 numerum
969 761 1012 796 et
1039 752 1313 812 dignitatem,
1344 751 1417 796 sed
1449 761 1491 796 et
1521 749 1746 795 commoda

392 834 528 887 auxit,
558 834 772 893 praecipue
804 831 1030 876 vestalium
1064 833 1295 892 virginum.
1326 833 1564 891 Quumque
1598 831 1641 873 in
1673 829 1747 873 de·

394 922 575 955 mortuae
595 912 739 955 locum
759 910 886 955 aliam
905 915 1007 974 capi
1029 906 1266 972 oporteret,
1287 912 1584 970 ambirentque
1601 908 1746 963 multi,

395 1008 449 1034 ne
469 991 576 1035 filias
600 992 642 1034 in
668 1001 828 1034 sortem
857 991 1030 1047 darent3
1061 990 1297 1051 adjuravit,
1323 992 1357 1034 si
1377 990 1631 1049 cujusquam
1649 1005 1750 1049 nep-

397 1064 503 1106 tium
530 1082 705 1107 suarum
726 1077 989 1125 competeret
1010 1078 1113 1115 aetas
1127 1104 1138 1126 ,
1162 1069 1412 1113 oblaturum
1435 1086 1477 1112 se
1498 1069 1626 1112 fuisse
1640 1086 1746 1112 eam.

394 1142 615 1186 Nonnulla
635 1144 763 1186 etiam
779 1161 828 1186 ex
844 1145 1030 1203 antiquis
1051 1146 1316 1203 cerimoniis,
1335 1146 1542 1206 paulatim
1568 1147 1726 1191 abolita
1740 1182 1752 1200 ‚

396 1222 581 1265 restituit
606 1239 614 1264 :
642 1231 690 1264 ut
727 1220 875 1265 salutis
912 1223 1166 1283 augurium,
1210 1220 1333 1265 Diale
1373 1221 1638 1279 flaminium,
1690 1238 1753 1266 sa-

396 1318 518 1343 crum
554 1299 796 1360 lupercale,
827 1299 952 1344 ludos
985 1299 1195 1344 seculares
1230 1310 1270 1343 et
1303 1299 1627 1360 compitalicios.
1659 1302 1751 1345 Lu-

398 1378 637 1440 percalibus
675 1380 809 1422 vetuit
840 1396 1013 1422 currere
1042 1379 1272 1433 imberbe53
1313 1380 1438 1435 item,
1478 1379 1751 1424 secularibus

396 1457 508 1502 ludis
532 1458 711 1518 juvenes
738 1459 964 1518 utriusque
998 1474 1122 1501 sexus
1146 1458 1368 1518 prohibuit
1401 1456 1540 1501 ullum
1573 1468 1751 1502 noctur-

398 1555 500 1581 num
523 1536 817 1598 spectaculum
840 1537 1136 1597 frequentare,
1163 1537 1245 1581 nisi
1279 1554 1378 1581 cum
1411 1536 1558 1598 aliquo
1591 1539 1754 1598 majore

400 1627 501 1660 natu
531 1618 891 1678 propinquorum.
920 1616 1184 1677 Compitales
1222 1616 1329 1661 lares
1361 1619 1507 1661 ornari
1532 1618 1598 1661 bis
1639 1633 1753 1661 anno

399 1698 604 1751 instituit,
630 1698 771 1740 vernis
800 1697 980 1740 floribus
1005 1707 1047 1740 et
1067 1698 1235 1741 aestivis.
1264 1698 1516 1741 Proximum
1538 1714 1562 1741 a
1586 1696 1651 1741 dis
1677 1698 1755 1741 im-

398 1775 651 1820 mortalibus
675 1776 885 1819 honorem
913 1777 1130 1820 memoriae
1152 1776 1311 1820 ducum
1336 1777 1555 1836 praestitit,
1583 1778 1656 1837 qui
1681 1778 1755 1820 im-

397 1856 564 1915 perium
598 1855 747 1916 populi
774 1856 942 1899 romani
971 1872 1022 1899 ex
1060 1856 1241 1898 minimo
1276 1856 1513 1899 maximum
1545 1855 1755 1900 reddidis-

396 1944 503 1978 sent.
528 1937 679 1994 Itaque
706 1945 749 1978 et
775 1951 906 1995 opera
931 1935 1161 1995 cujusque,
1186 1935 1457 1978 manentibus
1482 1933 1643 1990 titulis,
1668 1952 1755 1978 res-

398 2014 535 2070 tituit,
566 2024 606 2056 et
635 2024 798 2057 statuas
824 2015 1017 2056 omnium
1046 2012 1299 2073 triumphali
1326 2012 1465 2073 effigie
1496 2013 1540 2055 in
1570 2023 1754 2073 utraque

398 2093 477 2135 fori
502 2093 567 2135 sui
582 2093 751 2152 porticu
770 2091 1002 2147 dedicavit3
1019 2091 1236 2151 professus
1254 2091 1416 2148 edicto,
1431 2102 1752 2136 «commentum

398 2171 439 2213 id
468 2188 536 2227 se,
561 2180 609 2213 ut
635 2169 807 2213 illorum
831 2170 951 2214 velut
972 2170 1026 2214 ad
1058 2170 1275 2231 exemplar
1303 2181 1343 2214 et
1371 2172 1481 2231 ipse,
1508 2171 1611 2214 dum
1637 2172 1752 2215 vive-

396 2260 477 2306 ret,
502 2260 544 2293 et
571 2250 889 2310 insequentium
913 2260 1087 2294 aetatum
1115 2251 1329 2312 principes
1353 2251 1630 2312 exigerentur
1655 2268 1680 2294 a
1699 2252 1754 2295 ci-

396 2329 572 2373 vibus.»
600 2330 793 2391 Pompeii
826 2347 999 2390 quoque
1036 2339 1244 2386 statuam,
1283 2340 1435 2374 contra
1470 2331 1625 2374 theatri
1661 2331 1752 2391 ejus

396 2409 577 2469 regiam,
598 2426 841 2453 marmoreo
863 2411 972 2453 Jano
994 2410 1289 2470 superposuit,
1308 2409 1599 2454 translatame
1615 2411 1750 2465 curia,

396 2489 438 2531 in
467 2505 553 2547 qua
575 2490 623 2532 C.
651 2491 792 2532 Caesar
816 2489 956 2533 fuerat
983 2489 1161 2532 occisus.

456 2569 640 2610 XXXII.
678 2568 887 2628 Pleraque
920 2568 1091 2628 pessimi
1116 2568 1299 2628 exempli
1339 2569 1546 2622 correxit,
1580 2585 1674 2627 quae
1706 2571 1748 2612 in

399 2646 627 2704 perniciem
662 2642 898 2705 public-am,
938 2656 1009 2689 aut
1047 2664 1096 2688 cx
1144 2648 1453 2690 vonsucuulinc
1490 2646 1749 2707 licentiaque
