1988 3439
640 259 677 295 C.
705 259 874 295 JULIUS
896 259 1078 295 CAESAR.
1509 277 1546 298 ir

179 353 269 387 tum
298 343 472 405 injecit,
501 353 548 387 ut
573 342 625 386 ad
656 359 798 404 genua
823 341 942 388 ultro
973 344 1055 388 sibi
1082 344 1308 390 accideret.
1338 348 1550 393 Cicerone

184 426 227 468 in
241 425 407 486 judicio
424 423 613 485 quodam
633 422 888 487 deplorante
908 434 1160 486 temporum
1181 435 1367 483 statum,
1385 431 1431 473 P.
1453 429 1552 474 Clo-

176 506 298 550 dium
327 507 551 550 inimicum
575 492 881 567 ejus‚*frustra
908 508 999 568 jam
1031 507 1200 568 pridem
1228 524 1252 552 a
1277 510 1472 569 patribus
1496 511 1550 555 ad

176 585 347 648 plebem
378 587 561 630 transire
598 588 837 645 nitentem,
874 588 1027 632 eodem
1056 587 1151 644 die,
1180 589 1375 650 horaque
1405 607 1548 643 nona,

177 666 434 711 transduxit.
467 669 695 711 Postremo
723 668 766 711 in
796 667 1021 712 universos
1051 668 1230 714 diversae
1258 669 1458 714 factionis
1487 671 1551 713 in-

175 746 298 790 duxit
332 747 529 791 Vettium
570 748 785 809 praemiis,
821 757 871 792 ut
906 765 950 794 se
989 748 1042 792 de
1078 748 1303 793 inferenda
1340 751 1549 811 Pompeio

173 843 277 872 nece
301 825 583 871 sollicitatum
613 845 637 872 a
669 828 930 889 quibusdam
960 828 1265 890 profiteretur,
1291 829 1550 890 productus-

173 924 257 968 que
289 925 368 970 pro
400 909 552 953 rostris
587 919 787 954 auctores
819 926 870 954 ex
899 919 1128 970 compacto
1157 910 1404 953 nominaret
1434 927 1443 953 ε
1475 910 1549 953 sed

173 1003 262 1032 uno
297 998 429 1049 atque
464 987 601 1033 altero
637 988 824 1047 frustra,
858 1006 939 1034 nec
974 991 1066 1034 sine
1103 990 1349 1050 suspicione
1383 989 1547 1033 fraudis

173 1069 432 1126 nominatis,
462 1068 694 1131 desperans
726 1079 812 1114 tam
848 1071 1082 1131 praecipitis
1113 1069 1283 1114 consilii
1314 1080 1548 1126 eventum,

174 1149 454 1210 intercepisse
478 1167 646 1194 veneno
672 1150 858 1195 indicem
883 1151 1091 1195 creditur.

235 1232 357 1274 XXI.
396 1231 485 1274 Sub
520 1231 635 1274 idern
670 1241 838 1292 tempus
870 1231 1180 1292 Calpurniam,
1210 1232 1260 1275 L.
1295 1230 1465 1274 Pisonis
1496 1229 1546 1273 fi-

172 1309 294 1364 liam,
315 1312 552 1355 successuri
577 1313 657 1355 sibi
681 1312 724 1354 in
750 1310 1002 1366 consulatu,
1023 1311 1146 1355 duxit
1168 1328 1347 1356 uxorem
1371 1328 1379 1354 :
1401 1327 1547 1354 suam-

170 1406 279 1450 que,
304 1389 487 1447 Juliam,
513 1392 595 1435 Cn.
625 1392 835 1452 Pompeio
866 1390 1122 1448 collocavit,
1149 1391 1378 1451 repudiato
1404 1391 1548 1450 priore

168 1486 328 1531 sponso
371 1469 555 1515 Servilio
600 1472 831 1532 Caepione,
871 1473 994 1532 cujus
1041 1469 1109 1515 vel
1156 1471 1375 1531 praecipua
1416 1485 1549 1530 opera

171 1550 301 1612 paulo
327 1561 426 1596 ante
448 1549 655 1596 Bibulum
682 1552 1029 1613 impugnaverat.
1053 1553 1116 1595 Ac
1142 1560 1241 1612 post
1269 1566 1428 1594 novam
1455 1549 1547 1593 affi-

168 1633 347 1676 nitatem
383 1633 642 1695 Pompeium
675 1633 867 1693 primum
904 1648 1058 1693 rogare
1096 1632 1357 1676 sententiam
1391 1630 1547 1690 coepit,

168 1730 304 1772 quum
334 1714 541 1757 Crassum
571 1712 754 1768 soleret,
786 1722 983 1774 essetque
1014 1711 1314 1767 consuetudo,
1342 1720 1390 1754 ut
1416 1727 1548 1771 quem

167 1792 365 1836 ordinem
397 1793 696 1854 interrogandi
728 1794 963 1838 sententias
992 1792 1141 1836 consul
1171 1791 1365 1836 kalendis
1390 1793 1548 1853 janua-

169 1874 242 1916 riis
268 1874 545 1930 instituisset,
571 1890 671 1917 eum
696 1884 791 1918 toto
816 1891 931 1917 anno
955 1882 1248 1918 conservaret.

228 1955 370 1997 XXII.
422 1956 582 1998 Socero
624 1955 760 2015 igitur
800 1971 1047 2014 generoque
1089 1953 1458 2014 suffragantibus,
1502 1969 1551 1995 ex

168 2035 287 2077 omni
323 2035 646 2095 provinciarum
684 2035 809 2095 copia
845 2033 1035 2079 Galliam
1076 2034 1351 2094 potissimum
1392 2032 1549 2093 clegit,

168 2116 291 2175 cujus
317 2114 614 2159 emolumento
639 2124 683 2159 et
709 2115 1067 2176 opportunitate,
1097 2114 1253 2158 idonea
1286 2115 1341 2158 sit
1369 2114 1552 2158 materia

170 2194 508 2254 triumphorum.
551 2198 606 2240 Et
644 2196 769 2239 initio
812 2195 987 2257 quidem
1030 2194 1223 2240 Galliam
1251 2194 1549 2256 Cisalpinam,

167 2272 342 2333 Illyrico
363 2274 554 2334 adjecto,
575 2274 668 2336 lege
687 2277 865 2319 Vatinia
885 2276 1050 2336 accepit
1073 2293 1081 2319 :
1106 2292 1207 2319 mox
1228 2292 1306 2336 per
1324 2285 1550 2328 senatum,

168 2356 398 2398 Comatam
431 2371 632 2415 quoque;
664 2356 812 2399 veritis
845 2357 1070 2415 patribus,
1102 2373 1183 2411 ne,
1215 2357 1249 2400 si
1281 2356 1363 2416 ipsi
1398 2372 1551 2416 negas-

166 2443 287 2491 sent,
325 2434 513 2495 populus
543 2445 585 2479 ct
615 2436 728 2479 lianc
765 2435 899 2478 daret.
933 2436 1036 2491 Quo
1068 2437 1227 2495 gaudio
1258 2435 1425 2491 elatus,
1462 2451 1550 2477 non

167 2516 451 2576 temperavit,
479 2516 583 2575 quin
609 2532 770 2576 paucos
796 2525 895 2576 post
918 2514 1006 2558 dics
1030 2516 1247 2575 frequenti
1273 2516 1394 2559 curia
1414 2515 1551 2575 jacta-

167 2606 258 2652 ret,
286 2597 431 2639 invitis
456 2606 505 2639 et
524 2597 797 2656 gementibus
826 2597 1085 2642 adversariis
1116 2595 1324 2656 adeptum
1355 2612 1423 2650 se,
1455 2612 1550 2655 quae

168 2679 468 2738 concupisset,
499 2678 682 2738 proinde
708 2696 758 2723 ex
785 2697 836 2723 eo
861 2678 1172 2723 insultaturum
1204 2678 1401 2721 omnium
1434 2679 1551 2738 capi-
