1971 3342
419 251 435 288 l,
444 258 464 280 ο
948 252 985 283 (J.
1013 251 1240 285 SUETONII

414 328 454 368 in
493 327 669 370 modum
710 328 894 386 enectis,
932 330 1085 375 bestias
1124 349 1296 392 quoque
1332 334 1386 376 ad
1426 351 1582 379 munus
1617 335 1762 396 populi

409 416 675 466 comparatas
701 409 1084 453 contrucidaverat.
1108 414 1305 472 Denique
1330 423 1520 474 tempore
1549 424 1765 471 extremo,

409 485 564 541 etiam,
601 487 756 545 quibus
801 488 995 531 nondum
1033 491 1282 550 ignoverat,
1318 494 1483 537 cunctis
1520 495 1564 536 in
1598 493 1764 537 Italiam

407 565 546 609 redire
576 567 790 625 permisit,
819 569 1177 629 magistratusque
1199 581 1248 614 *et
1281 572 1459 632 imperia
1490 589 1651 633 capere.
1684 574 1764 617 Sed

407 654 448 687 et
472 654 633 689 statuas
657 648 708 689 L.
737 645 865 690 Sullae
885 657 1012 707 atque
1031 650 1223 709 Pompeii
1243 666 1267 693 a
1282 650 1406 711 plebe
1425 651 1620 712 disjectas
1642 669 1767 712 repo-

407 726 503 768 suit.
532 728 617 782 Ac,
643 727 677 769 si
701 743 785 786 qua
809 726 986 786 posthac
1009 739 1084 772 aut
1106 732 1397 791 cogitarentur
1413 734 1599 780 Gravius
1617 737 1760 782 adver-

408 822 479 850 sus
501 822 564 854 se,
590 816 665 851 aut
687 806 957 863 dicerentur,
975 813 1173 859 inhibere
1187 811 1359 869 maluit,
1380 829 1510 872 quam
1534 813 1765 857 vindicare.

405 889 556 947 Itaque
590 898 631 932 et
663 891 853 936 detectas
884 892 1205 952 conjurationes
1235 901 1561 952 conventusque
1591 903 1768 936 noctur-

406 984 483 1010 nos
512 985 599 1011 non
638 968 754 1013 ultra
786 973 954 1033 arguit,
984 988 1114 1031 quam
1152 982 1199 1015 ut
1229 971 1370 1015 edicto
1403 971 1647 1016 ostenderet
1680 988 1771 1016 esse

406 1047 487 1090 sibi
516 1057 659 1104 notas,
689 1059 729 1092 et
757 1051 910 1094 acerbe
940 1051 1216 1111 loquentibus
1244 1052 1346 1094 satis
1376 1051 1527 1095 habuit
1555 1068 1634 1111 pro
1662 1068 1772 1095 con-

406 1128 530 1169 cione
572 1128 856 1187 denuntiare,
896 1148 950 1174 ne
990 1140 1324 1191 perseverarent.
1363 1129 1550 1191 Aulique
1589 1132 1769 1175 Caecinae

404 1206 760 1251 criminosissimo
797 1209 934 1266 libro,
978 1220 1019 1253 et
1059 1209 1246 1253 Pitholai
1286 1209 1548 1253 carminibus
1588 1209 1741 1255 maledi

403 1287 658 1331 centissimis
684 1287 914 1334 laceratam
938 1289 1297 1334 existimationem
1319 1306 1460 1346 suam,
1484 1288 1602 1333 civili
1623 1291 1768 1335 animo

406 1367 517 1411 tulit.

470 1450 667 1492 LXXVI.
705 1451 984 1511 praegravant
1001 1462 1145 1497 tamen
1163 1460 1302 1495 cetera
1317 1450 1429 1494 facta
1444 1450 1643 1512 dictaque
1658 1453 1769 1512 ejus,

405 1541 451 1574 ut
469 1541 511 1574 et
529 1532 688 1575 abusus
707 1532 1023 1589 dominatione,
1043 1542 1084 1576 et
1100 1532 1199 1593 jure
1219 1548 1351 1575 caesus
1369 1532 1648 1575 existimetur.
1667 1534 1768 1576 Non

404 1614 518 1654 (nim
545 1612 731 1655 honores
757 1612 887 1656 modo
913 1613 1070 1656 nimios
1098 1613 1286 1673 recepit,
1312 1623 1361 1656 ut
1383 1614 1638 1656 continuum
1664 1628 1769 1655 con-

402 1692 619 1746 sulatum,
653 1702 905 1752 perpetuam
938 1693 1194 1737 dictaturam
1213 1728 1224 1749 ,
1254 1693 1639 1753 praefecturamque
1672 1708 1784 1734 mo-.

405 1789 501 1815 rum
518 1806 528 1824 ‚
557 1773 731 1833 insuper
757 1790 1002 1833 praenomen
1030 1774 1334 1834 Imperatoris,
1364 1789 1604 1833 cognomen
1630 1772 1787 1838 Patris,

403 1852 577 1912 patriae,
611 1862 799 1896 statuam
832 1854 945 1897 inter
981 1871 1125 1914 reges,
1161 1863 1410 1914 suggestum
1446 1853 1488 1896 in
1523 1844 1786 1912 orcllest1·a3J

403 1933 475 1975 sed
501 1942 543 1976 et
565 1934 776 1993 ampliora
799 1935 927 1977 etiam
954 1934 1148 1977 humano
1171 1933 1341 1994 fastigio
1371 1933 1542 1976 decerni
1568 1932 1647 1974 sihi
1676 1929 1781 1991 pas-¹

397 2029 474 2056 sus
498 2023 561 2057 est
590 2032 599 2057 ε
628 2015 769 2058 sedem
798 2030 972 2058 auream
1000 2015 1043 2055 in
1071 2014 1190 2055 curia
1218 2023 1260 2055 et
1284 2029 1362 2071 pro
1390 2010 1618 2065 tribunali,
1646 2003 1788 2053 then-⁴

404 2108 492 2134 sam
518 2103 561 2136 et
584 2093 797 2138 ferculum
823 2095 1013 2139 Cirr-ensi
1039 2110 1221 2154 pompa,
1248 2092 1431 2153 templa,
1456 2109 1572 2148 aras,
1601 2091 1786 2163 simnia-3

405 2188 476 2215 cra
506 2174 630 2232 juxta
664 2175 793 2229 deos,
821 2175 1047 2235 pulvinar,
1089 2175 1334 2227 flaminem,
1361 2173 1582 2233 lupercos,
1622 2170 1777 2231 appel-

404 2249 611 2296 lationem
640 2255 797 2297 mensis
826 2272 848 2298 e
875 2272 952 2298 suo
984 2256 1170 2298 nomine.
1203 2256 1264 2297 Ae
1292 2251 1436 2296 nullos
1467 2269 1554 2295 non
1582 2250 1768 2294 honores

404 2331 457 2374 ad
482 2331 702 2376 libidinem
730 2335 862 2393 cepit,
885 2344 923 2377 et
948 2333 1078 2376 dedit.
1105 2333 1302 2376 Tertium
1327 2342 1370 2376 et
1392 2341 1595 2392 quartum
1617 2347 1769 2374 consu-

403 2411 541 2455 latum
564 2412 691 2456 titulo
713 2423 837 2456 tenus
861 2414 1010 2474 gessit,
1031 2423 1257 2456 contentus
1283 2412 1508 2455 dictaturae
1529 2420 1765 2471 potestate,

402 2492 582 2535 decreta}
618 2509 714 2535 cum
742 2492 1036 2536 consulatibus
1068 2492 1195 2535 simul
1229 2509 1237 2533 :
1272 2501 1401 2550 atque
1433 2501 1616 2550 utroque
1648 2507 1763 2534 anno

404 2573 526 2613 binos
551 2572 748 2616 consules
775 2573 998 2616 substituit
1023 2573 1101 2615 sibi
1129 2572 1170 2614 in
1200 2581 1343 2615 ternos
1369 2572 1624 2615 novissimos
1647 2587 1764 2614 men-

403 2667 485 2703 ses,
512 2652 566 2693 ita
588 2662 630 2693 ut
659 2653 797 2695 medio
820 2662 1010 2711 tempor(-
1034 2653 1205 2693 comitia
1233 2652 1346 2695 nulla
1375 2651 1590 2706 habuerit,
1612 2661 1763 2710 praeter
