1988 3439
603 232 845 268 OCTAVIUS
877 233 1145 270 AUGUSTUS.
1482 250 1494 272 1
1504 238 1549 273 03

184 329 278 373 quae
305 313 390 357 fere
419 324 613 375 tempore
637 313 778 358 balnei
816 314 1120 360 meditabatur.
1148 319 1261 363 Nam
1296 320 1549 382 tragoediam

185 410 340 454 magno
370 395 532 454 impetu
555 410 731 438 exorsus
747 429 758 450 ,
784 411 872 438 non
897 395 1153 440 succedente
1181 397 1302 456 stilo,
1333 400 1548 446 abolevit:

183 474 562 533 quaerentibusque
598 475 771 531 amicis,
806 476 1051 536 «quidnam
1081 478 1191 538 Ajax
1228 489 1393 540 ageret,
1412 500 1432 522 »
1461 498 1551 526 res·

184 553 356 614 pondit,
381 554 587 614 «Ajacem
612 571 741 599 suum
766 556 809 598 in
839 558 1066 618 spongiam
1090 557 1351 603 incubuisse.
1367 579 1388 600 »

245 635 491 678 LXXXVI.
530 636 680 678 Genus
718 634 949 696 eloquendi
985 647 1156 681 secutus
1195 648 1260 682 est
1297 637 1470 700 elegans
1509 651 1551 684 et

183 723 494 775 temperatum,
523 716 668 760 vitatis
696 718 1009 761 sententiarum
1036 718 1209 779 ineptiis
1236 728 1367 780 atque
1397 719 1549 764 incon-

181 795 408 851 cinnitate,
435 804 476 839 et
503 796 867 841 «reconditorum
897 799 1154 854 verborum,
1173 818 1194 840 n
1222 808 1271 842 ut
1301 799 1392 859 ipse
1421 799 1549 854 dicit,

180 894 199 914 «
215 874 439 919 foetoribus
455 892 464 919 z
480 896 500 917 »
521 878 872 938 praecipuamque
892 894 1040 922 curam
1061 878 1202 935 duxit,
1224 895 1396 923 sensum
1417 880 1551 923 animi

179 970 310 1014 quam
342 957 610 1016 apertissime
639 959 882 1019 exprimere
912 975 920 1002 :
948 959 1067 1019 quod
1097 976 1183 1020 quo
1211 958 1380 1003 facilius
1409 959 1551 1004 effice-

179 1044 264 1092 ret,
293 1045 369 1079 aut
401 1038 557 1081 necubi
590 1037 797 1082 lectorem
832 1038 896 1082 vel
931 1039 1176 1083 auditorem
1211 1039 1465 1083 obturbaret
1502 1056 1551 1084 ac

177 1126 446 1173 moraretur,
477 1135 617 1178 neque
651 1120 980 1180 praepositiones
1016 1119 1159 1162 verbis
1194 1118 1378 1176 addere,
1412 1136 1552 1180 neque

178 1197 508 1256 conjunctiones
546 1199 701 1258 saepius
738 1200 894 1242 iterare
932 1198 1170 1254 dubitavit,
1211 1214 1305 1258 quae
1345 1198 1550 1243 detractae

178 1276 367 1320 afferunt
390 1276 550 1337 aliquid
576 1278 869 1335 obscuritatis,
894 1278 972 1322 etsi
996 1278 1179 1338 gratiam
1209 1288 1382 1339 augent.
1414 1281 1550 1323 Caco·

178 1355 289 1400 zelos
323 1366 365 1400 et
402 1358 698 1416 antiquarios,
737 1368 785 1400 ut
822 1358 992 1400 diverso
1026 1374 1182 1417 genere
1218 1359 1423 1413 vitiosos,
1458 1361 1550 1419 pari

177 1435 350 1479 fastidio
377 1437 558 1497 sprevit,
586 1437 917 1498 exagitabatque
944 1452 1262 1497 nonnunquam
1292 1455 1300 1481 :
1331 1439 1373 1480 in
1400 1439 1550 1498 primis

175 1518 456 1560 Maecenatem
485 1533 637 1573 suum,
666 1518 789 1578 cujus
815 1519 1114 1575 μυροβρεχεΐς,
1138 1527 1187 1560 ut
1213 1518 1294 1572 ait,
1320 1519 1550 1563 cincinnos

178 1613 490 1657 usquequaque
510 1599 806 1658 persequitur,
827 1607 868 1642 et
889 1597 1100 1642 imitando
1122 1614 1197 1658 per
1213 1599 1361 1657 jocum
1383 1598 1546 1642 irridet.

177 1677 260 1720 Sed
285 1694 363 1721 nec
389 1677 564 1722 Tiberio
589 1678 751 1738 parcit,
780 1688 823 1722 et
847 1677 1057 1722 exsoletas
1086 1677 1304 1722 interdum
1329 1688 1372 1721 et
1397 1694 1549 1722 recon-

179 1758 288 1801 ditas
309 1774 435 1801 voces
458 1759 705 1819 aucupanti.
727 1760 790 1802 M.
813 1757 990 1818 quidem
1011 1758 1251 1803 Antonium
1277 1767 1323 1800 ut
1348 1759 1549 1802 insanum

179 1839 402 1899 increpat,
440 1839 560 1898 quasi
601 1855 650 1881 ea
691 1839 979 1895 scribentem,
1018 1855 1113 1899 quae
1152 1838 1366 1881 mirentur
1405 1839 1550 1899 potius

179 1919 376 1963 homines
403 1934 533 1978 quam
562 1917 817 1979 intelligant.
846 1918 1015 1962 Deinde
1041 1917 1195 1961 ludens
1222 1917 1385 1961 malum
1415 1927 1458 1961 et
1488 1919 1550 1962 in-

178 2008 378 2043 constans
401 1999 443 2041 in
465 1997 665 2059 eligendo
684 2014 838 2059 genere
858 1998 1027 2042 dicendi
1047 1998 1269 2059 ingenium
1294 1998 1404 2057 ejus,
1430 1997 1551 2042 addit

179 2079 270 2123 haec
297 2095 306 2122 :
333 2081 523 2139 «Tuque
551 2078 746 2134 dubitas,
773 2078 1005 2123 Cimberne
1030 2078 1223 2131 Annius,
1251 2094 1305 2121 an
1334 2078 1550 2122 Veranius

179 2158 356 2202 Flaccus
388 2158 585 2202 imitandi
615 2158 701 2202 sint
732 2156 839 2201 tibi?
869 2158 928 2201 ita
961 2167 1010 2201 ut
1043 2158 1211 2213 verbis,
1243 2173 1337 2217 quae
1370 2158 1551 2218 Crispus

180 2237 408 2282 Sallustius
441 2239 653 2298 excerpsit
689 2255 741 2280 ex
773 2238 1029 2298 Originibus
1064 2238 1267 2293 Catonis,
1302 2237 1463 2281 utaris?
1495 2254 1550 2281 an

183 2318 326 2378 potius
344 2317 634 2362 Asiaticorum
653 2326 897 2370 oratorum,
916 2317 1117 2360 inanibus
1136 2317 1378 2373 sententiis,
1397 2317 1550 2360 verbo-

183 2415 280 2442 rum
302 2396 548 2441 volubilitas
571 2398 613 2440 in
636 2406 834 2440 nostrum
856 2412 1098 2439 sermonem
1122 2395 1474 2440 transferenda?»
1494 2398 1550 2439 Et

182 2478 368 2539 quadam
392 2476 572 2538 epistola
592 2477 842 2537 Agrippinae
866 2477 1006 2536 neptis
1029 2476 1252 2536 ingenium
1275 2474 1549 2530 collaudans,

184 2558 302 2603 «Sed
330 2575 440 2620 opus
470 2568 556 2623 est,
575 2578 593 2599 »
624 2559 788 2617 inquit,
816 2556 953 2600 «dare
985 2566 1024 2600 te
1055 2571 1257 2616 operam,
1290 2571 1341 2598 nc
1374 2553 1551 2598 moleste

185 2639 344 2683 scribas
369 2649 443 2682 aut
469 2637 670 2697 loquaris.
693 2658 710 2675 »
