1988 3407
748 245 1083 282 DOMITIANUS.
1565 259 1582 291 7
1591 258 1608 291 7

217 331 394 387 direxit,
417 341 465 375 ut
491 347 641 375 omnes
669 346 745 391 per
769 328 999 373 intervalla
1028 328 1271 389 digitorum
1298 329 1497 374 innocuae
1518 347 1614 374 eva-

217 412 384 457 derent.

281 496 382 538 XX.
410 492 628 538 Liberalia
667 492 811 537 studia
850 492 1023 554 imperii
1057 492 1184 536 initio
1213 491 1431 554 neglexit,
1458 509 1609 554 quam-

217 592 351 636 quam
377 573 663 619 bibliothecas
698 573 903 618 incendio
933 573 1156 618 absumtas
1188 574 1512 635 impensissime
1539 591 1608 618 re-

217 673 371 718 parare
392 665 606 712 curasset,
627 654 950 716 exemplaribus
971 654 1167 716 undique
1188 655 1358 716 petitis,
1379 655 1613 716 missisque

214 737 526 783 Alexandriam
545 773 557 793 ,
596 737 673 798 qui
707 735 1007 780 describerent
1047 735 1439 796 emendarentque.
1481 736 1612 781 Nun-

215 836 347 880 quam
373 829 519 863 tamen
544 828 619 862 aut
640 817 854 874 historiae,
879 817 1206 861 carminibusve
1231 816 1485 874 noscendis,
1507 834 1614 879 opem

215 917 309 944 ram
336 898 495 955 ullam,
519 909 595 943 aut
621 898 721 943 stilo
750 897 820 942 vel
858 898 1102 942 necessario
1131 897 1266 942 dedit.
1290 900 1456 942 Praeter
1488 915 1612 943 com-

214 981 451 1025 mentarios
485 990 529 1025 et
560 990 658 1025 acta
682 979 848 1024 Tiberii
877 980 1062 1024 Caesaris
1095 977 1207 1022 nihil
1237 977 1462 1024 lectitabat
1487 996 1497 1023 ε
1528 981 1616 1041 epi-

214 1061 369 1117 stolas,
392 1064 702 1123 orationesque
718 1097 729 1117 ,
753 1071 796 1106 et
819 1061 963 1106 edicta
986 1060 1130 1106 alieno
1156 1061 1376 1105 formabat
1401 1062 1581 1123 ingenio
1605 1079 1613 1104 :

216 1145 432 1189 sermonis
447 1154 591 1188 tamen
616 1160 695 1187 nec
715 1141 990 1204 inelegantis,
1007 1142 1227 1186 dictorum
1245 1142 1468 1187 interdum
1483 1144 1613 1188 etiam

217 1225 495 1270 notabilium.
537 1244 558 1266 «
580 1223 748 1270 Vellem
765 1259 776 1280 ,
798 1243 818 1265 »
861 1224 1025 1284 inquit,
1064 1242 1085 1264 <c
1106 1233 1195 1267 tam
1237 1223 1457 1267 formosus
1499 1239 1615 1278 esse,

220 1323 355 1368 quam
386 1307 552 1351 Metius
587 1305 669 1349 sibi
697 1304 886 1349 videtur.
909 1324 929 1345 »
952 1307 1008 1348 Et
1035 1303 1263 1365 cujusdam
1292 1314 1446 1365 caput,
1472 1305 1614 1349 varie-

220 1397 307 1432 tate
335 1386 484 1449 capilli
522 1385 789 1431 subrutilum
824 1395 868 1430 et
906 1386 1144 1443 incanum,
1170 1385 1435 1446 «perfusam
1467 1386 1612 1430 nivem

218 1468 360 1514 mulso
376 1489 398 1511 ³>
427 1469 548 1513 dixit.

282 1552 405 1595 XXI.
437 1569 457 1590 «
478 1549 791 1595 Conditionem
814 1549 1065 1610 principum
1088 1547 1381 1593 miserrimam
1401 1568 1421 1590 >³
1445 1549 1615 1605 aiebat,

217 1652 237 1674 a
257 1631 418 1693 quibus
439 1630 492 1675 de
518 1631 825 1691 conjuratione
853 1639 1079 1691 comperta
1108 1646 1199 1674 non
1228 1629 1497 1687 crederetur,
1532 1631 1614 1675 nisi

221 1713 427 1757 occisis.»
451 1712 639 1768 Quoties
657 1712 799 1755 otium
825 1720 966 1767 esset,
989 1709 1083 1755 alea
1109 1727 1155 1755 se
1182 1709 1456 1767 oblectabat,
1482 1712 1613 1755 etiam

219 1791 422 1854 profestis
447 1791 629 1848 diebus,
658 1792 976 1852 matutinisque
996 1791 1117 1836 horis
1142 1809 1151 1835 ε
1175 1808 1226 1836 ac
1247 1790 1420 1836 lavabat
1444 1791 1496 1836 de
1517 1791 1586 1836 die
1605 1828 1615 1848 ,

219 1872 553 1935 prandebatque
589 1871 644 1915 ad
673 1874 939 1928 satietatem3
971 1882 1020 1916 ut
1058 1889 1146 1916 non
1178 1883 1342 1917 temere
1373 1889 1504 1934 super
1534 1890 1616 1917 coe-

222 1971 321 1999 nam
340 1989 351 2010 ,
377 1963 534 2015 praeter
557 1954 807 1997 Matianum
836 1952 1001 1996 malum
1016 1988 1027 2009 ,
1051 1963 1093 1997 et
1113 1952 1330 1998 modicam
1357 1954 1400 1997 in
1420 1953 1615 2015 ampulla

222 2034 524 2097 potiunculam
545 2044 752 2079 sumeret.
772 2034 1105 2079 Convivabatur
1126 2034 1381 2095 frequenter
1401 2051 1451 2078 ac
1474 2033 1614 2096 large,

221 2115 297 2160 sed
320 2132 443 2177 paene
462 2116 623 2177 raptim
651 2134 659 2158 :
687 2125 806 2159 certe
834 2132 920 2159 non
945 2114 1061 2158 ultra
1082 2113 1184 2159 solis
1209 2132 1439 2171 occasum,
1465 2132 1542 2160 nec
1569 2127 1615 2160 ut

221 2207 369 2259 postea
388 2198 758 2241 commissaretur.
783 2197 896 2241 Nam
919 2196 972 2240 ad
993 2197 1148 2241 horam
1169 2198 1311 2241 somni
1339 2197 1446 2241 nihil
1472 2197 1614 2254 aliud,

220 2295 352 2339 quam
383 2276 500 2322 solus
524 2288 689 2322 secreto
716 2276 1041 2321 deambulabat.

287 2361 434 2404 XXII.
460 2358 676 2402 Libidinis
703 2361 869 2413 nimiae,
899 2359 1199 2403 assiduitatem
1227 2361 1518 2417 concubitus,
1547 2378 1615 2404 vc-

222 2440 287 2485 lut
319 2440 639 2484 exercitationis
679 2457 842 2502 genus,
887 2440 1137 2503 clinopalen
1179 2442 1374 2486 vocabat.
1418 2445 1612 2503 Eratque

223 2522 364 2577 fama,
401 2521 524 2581 quasi
554 2522 823 2566 concubinas
854 2523 946 2583 ipse
972 2520 1237 2577 develleret,
1262 2532 1521 2583 nataretque
1548 2524 1609 2566 in-

223 2614 288 2648 ter
315 2602 635 2664 vulgatissimas
673 2605 933 2647 meretrices.
964 2605 1128 2648 Fratris
1153 2603 1287 2648 filiam
1310 2603 1454 2648 adhuc
1483 2605 1611 2666 virgi-

226 2700 347 2740 nem,
388 2681 581 2727 oblatam
621 2685 663 2727 in
705 2685 1035 2729 matrimonium
1066 2686 1171 2742 sibi,
1205 2703 1341 2747 quum
1384 2685 1612 2730 devinctus
