1988 3439
731 276 994 312 CALlouLA.
1481 299 1490 320 ,
1502 286 1542 321 3,

179 360 264 417 las,
290 363 364 422 qui
393 362 619 406 universos
644 361 1013 406 contrucidarent.
1038 362 1189 419 Quum
1213 364 1397 429 discerpi
1427 386 1549 414 sena-

179 452 318 485 torem
334 442 629 502 concupisset,
646 441 922 499 subornavit,
935 443 1010 502 qui
1025 442 1345 504 ingredientem
1361 450 1547 507 curiam,

177 533 356 583 repente
384 523 549 566 hostem
573 521 799 582 publicum
823 522 1113 584 appellantes,
1139 524 1422 584 invaderent,
1448 547 1548 590 gra-

176 603 374 664 pliiisque
400 602 647 647 confossum
665 638 676 659 ,
704 601 982 647 lacerandum
1011 606 1166 649 ceteris
1192 605 1429 652 traderent.
1452 610 1548 654 Nee

173 695 275 729 ante
298 686 476 730 satiatus
499 695 587 740 est,
614 702 743 746 quam
773 685 969 729 membra
997 695 1037 729 et
1065 695 1186 729 artus
1210 696 1253 730 et
1278 688 1443 733 viscera
1467 690 1544 733 ho-

174 765 301 810 minis
324 775 463 810 tracta
486 782 562 826 per
589 766 731 822 vicos,
758 775 889 826 atque
918 775 1019 809 ante
1045 783 1089 810 se
1115 777 1321 828 congesta
1352 768 1542 814 vidisset.

235 847 397 891 XXIX.
428 847 745 890 Immanissima
774 847 883 891 faeta
912 848 1100 908 augebat
1128 849 1357 893 atrocitate
1384 851 1544 894 verbo-

170 943 282 970 rum.
301 947 322 968 «
339 926 459 972 Nihil
479 929 614 989 magis
636 930 678 970 iu
696 938 855 971 natura
875 945 951 972 sua
971 927 1149 972 laudare
1169 946 1213 972 se
1230 946 1280 972 ae
1300 930 1507 990 probare,
1524 953 1543 972 »

169 1007 361 1064 dicebat,
388 1028 408 1049 «
426 1024 580 1068 (piam,
602 1028 621 1049 »
649 1019 697 1052 ut
723 1009 859 1069 ipsius
885 1009 1018 1052 verbo
1041 1018 1154 1061 utar,
1177 1030 1196 1050 «
1216 1008 1505 1073 οὶὲιατρεψίαν.
1526 1034 1544 1052 »

169 1090 370 1133 Monenti
397 1089 597 1133 Antoniae
622 1090 749 1145 aviae,
775 1099 983 1150 tanquam
1013 1106 1167 1150 parum
1192 1101 1298 1134 esset
1327 1109 1414 1135 non
1439 1093 1542 1135 obe-

168 1169 284 1223 dire,
306 1171 567 1213 «Memento
584 1205 594 1225 ,
623 1171 706 1224 ait,
737 1170 884 1213 omnia
914 1170 1019 1213 mihi
1048 1180 1089 1213 et
1116 1171 1156 1212 in
1184 1188 1334 1214 omnes
1360 1170 1501 1215 licere.
1523 1194 1542 1211 »

167 1249 481 1294 Trucidaturus
510 1249 712 1304 fratrem,
747 1267 875 1309 quem
910 1260 1025 1293 metu
1062 1267 1326 1294 venenorum
1357 1269 1542 1312 praemu—

170 1330 250 1373 uiri
286 1330 610 1373 medicamentis
645 1330 966 1390 suspirabatur,
998 1351 1017 1370 α
1044 1331 1329 1387 Antidotum,
1366 1333 1539 1392 inquit,

165 1409 370 1453 adversus
406 1410 693 1453 Caesa1·ein}'»
727 1409 946 1470 Relegatis
983 1411 1232 1466 sororibus,
1272 1428 1357 1454 uon
1395 1411 1537 1455 solum

165 1488 325 1534 insulas
351 1490 509 1533 habere
535 1506 601 1544 se,
626 1489 699 1532 sed
725 1490 853 1532 etiam
879 1488 1067 1549 gladios,
1092 1491 1354 1533 minabatur.
1378 1494 1539 1535 Praeto—

164 1572 277 1615 rium
297 1572 439 1614 virum
459 1588 509 1615 ex
528 1587 693 1614 secessu
714 1571 952 1630 Anticyrce,
975 1587 1104 1630 quam
1126 1569 1388 1615 valetudinis
1409 1588 1538 1616 eausa

165 1653 372 1712 petierat,
403 1652 636 1713 propagari
671 1651 751 1694 sibi
779 1661 1072 1694 commeatum
1102 1652 1256 1711 saepius
1285 1651 1533 1696 desiderau-

163 1743 275 1789 tem,
300 1749 437 1792 quum
462 1731 706 1776 mandasset
736 1732 951 1789 interimi,
979 1731 1133 1791 adjecit
1161 1750 1169 1775 ς
1198 1752 1216 1772 (ι
1235 1733 1533 1777 Νθ(·θεεᾶι·ἰ3ηι

162 1830 252 1857 esse
270 1814 494 1874 sanguinis
511 1813 778 1867 missionem,
797 1813 863 1856 eui
885 1823 972 1856 tam
989 1811 1061 1855 diu
1085 1830 1170 1856 non
1193 1813 1416 1873 prodesset
1436 1813 1537 1857 elle-

162 1894 330 1938 borum.
354 1914 374 1933 »
403 1894 584 1937 Decimo
617 1909 792 1953 quoque
824 1893 916 1947 die,
946 1909 1177 1936 numerum
1211 1894 1535 1953 puniendorum

161 1991 211 2017 ex
233 1973 429 2017 custodia
457 1973 734 2017 subscribens
749 2009 759 2028 ,
785 1994 803 2013 α
824 1973 1055 2017 Rationem
1081 1990 1125 2016 se
1151 1990 1361 2034 purgare,
1380 1994 1400 2014 »
1423 1974 1537 2017 dice-

168 2055 254 2098 bat.
275 2053 415 2098 Gallis
434 2055 685 2114 Graecisque
699 2052 867 2113 aliquot
886 2070 973 2096 uuo
997 2063 1191 2113 tempore
1210 2054 1533 2110 condemnatis,

161 2134 444 2195 gloriabatur,
468 2156 488 2175 «
509 2134 842 2196 Gallograeciam
869 2151 960 2178 sese
986 2134 1220 2194 subegisse.
1245 2154 1263 2174 υ

225 2217 364 2258 XXX.
392 2217 494 2260 Nou
519 2226 679 2259 temere
702 2217 743 2258 iu
768 2232 1032 2275 quemquam
1050 2250 1060 2267 ,
1092 2216 1173 2258 nisi
1203 2213 1365 2258 erebi-is
1393 2225 1435 2259 et
1459 2217 1537 2259 mi-

161 2296 277 2338 nutis
309 2295 465 2338 ictibus
488 2295 776 2338 animadverti
804 2312 953 2354 passus
981 2305 1046 2338 est
1069 2312 1077 2337 t
1102 2305 1313 2355 perpetuo
1341 2305 1538 2355 notoque

156 2376 244 2434 jam
270 2385 508 2435 praecepto‚
530 2394 549 2414 «
571 2377 631 2418 lta
658 2374 754 2427 l'eri,
779 2384 824 2417 ut
846 2392 889 2417 se
913 2376 1021 2417 mori
1048 2375 1256 2418 sentiat.»
1279 2376 1440 2418 Punito
1462 2392 1537 2435 per

159 2472 350 2499 errorem
378 2456 566 2499 nominis
588 2454 696 2509 alio,
719 2472 851 2515 quam
881 2471 1010 2514 quem
1035 2454 1359 2510 destinaverat,
1391 2456 1533 2515 ipsum

159 2552 332 2596 quoque
372 2537 490 2596 paria
532 2537 739 2579 meruisse
773 2535 893 2578 dixit.
929 2536 1165 2596 Tragicum
1207 2534 1312 2578 illud
1350 2533 1537 2577 subinde

155 2618 372 2677 jactabat,
405 2616 614 2667 Odeum,
645 2617 748 2661 (lum
777 2627 987 2661 metuant.
1018 2619 1139 2677 Szepe
1165 2618 1204 2659 iu
1239 2626 1421 2659 cum-tos
1456 2632 1533 2676 pa—

161 2698 263 2742 riter
289 2708 529 2742 senatores.
558 2708 599 2740 ul
628 2699 768 2755 Seiani
798 2698 1001 2750 ‹liena-s,
1027 2710 1066 2740 ut
1100 2699 1247 2741 matris
1272 2716 1318 2740 zu·
1344 2697 1529 2740 fratrum
