<?xml version="1.0" encoding="UTF-8"?>
<!DOCTYPE html PUBLIC "-//W3C//DTD XHTML 1.0 Transitional//EN"
    "http://www.w3.org/TR/xhtml1/DTD/xhtml1-transitional.dtd">
<html xmlns="http://www.w3.org/1999/xhtml" xml:lang="en" lang="en">
 <head>
  <title>
</title>
<meta http-equiv="Content-Type" content="text/html;charset=utf-8" />
  <meta name='ocr-system' content='tesseract 3.04.00' />
  <meta name='ocr-capabilities' content='ocr_page ocr_carea ocr_par ocr_line ocrx_word'/>
</head>
<body>
  <div class='ocr_page' id='page_1' title='image "./operagro00suetuoft_0036.png"; bbox 0 0 1971 3342; ppageno 0'>
   <div class='ocr_carea' id='block_1_1' title="bbox 436 267 1274 305">
    <p class='ocr_par' dir='ltr' id='par_1_1' title="bbox 436 267 1274 305">
     <span class='ocr_line' id='line_1_1' title="bbox 436 267 1274 305; baseline -0.006 0"><span class='ocrx_word' id='word_1_1' title='bbox 436 273 457 305; x_wconf 71' lang='lat'>8</span> <span class='ocrx_word' id='word_1_2' title='bbox 979 268 1016 302; x_wconf 75' lang='grc' dir='ltr'>(ἶ.</span> <span class='ocrx_word' id='word_1_3' title='bbox 1043 267 1274 302; x_wconf 85' lang='lat' dir='ltr'>SUETONII</span> 
     </span>
    </p>
   </div>
   <div class='ocr_carea' id='block_1_2' title="bbox 436 348 1810 2646">
    <p class='ocr_par' dir='ltr' id='par_1_2' title="bbox 436 348 1807 1270">
     <span class='ocr_line' id='line_1_2' title="bbox 436 348 1804 416; baseline -0.004 -18"><span class='ocrx_word' id='word_1_4' title='bbox 436 364 611 416; x_wconf 86' lang='lat' dir='ltr'>patrum</span> <span class='ocrx_word' id='word_1_5' title='bbox 641 353 1014 396; x_wconf 85' lang='lat' dir='ltr'>submoverentur.</span> <span class='ocrx_word' id='word_1_6' title='bbox 1048 351 1109 393; x_wconf 89' lang='lat' dir='ltr'>Ac</span> <span class='ocrx_word' id='word_1_7' title='bbox 1140 349 1277 392; x_wconf 77' lang='lat' dir='ltr'>nihilo</span> <span class='ocrx_word' id='word_1_8' title='bbox 1309 348 1452 392; x_wconf 88' lang='lat' dir='ltr'>minus</span> <span class='ocrx_word' id='word_1_9' title='bbox 1480 364 1730 408; x_wconf 87' lang='lat' dir='ltr'>permanere</span> <span class='ocrx_word' id='word_1_10' title='bbox 1763 351 1804 393; x_wconf 84' lang='lat' dir='ltr'>in</span> 
     </span>
     <span class='ocr_line' id='line_1_3' title="bbox 436 428 1805 494; baseline -0.005 -17"><span class='ocrx_word' id='word_1_11' title='bbox 436 434 717 494; x_wconf 83' lang='lat' dir='ltr'>magistratu,</span> <span class='ocrx_word' id='word_1_12' title='bbox 754 441 797 474; x_wconf 84' lang='lat' dir='ltr'>et</span> <span class='ocrx_word' id='word_1_13' title='bbox 824 431 894 490; x_wconf 88' lang='lat' dir='ltr'>jus</span> <span class='ocrx_word' id='word_1_14' title='bbox 926 428 1068 472; x_wconf 85' lang='lat' dir='ltr'>dicere</span> <span class='ocrx_word' id='word_1_15' title='bbox 1101 445 1254 484; x_wconf 87' lang='lat' dir='ltr'>ausus,</span> <span class='ocrx_word' id='word_1_16' title='bbox 1284 437 1332 471; x_wconf 90' lang='lat' dir='ltr'>ut</span> <span class='ocrx_word' id='word_1_17' title='bbox 1367 428 1577 488; x_wconf 89' lang='lat' dir='ltr'>comperit</span> <span class='ocrx_word' id='word_1_18' title='bbox 1610 438 1805 487; x_wconf 85' lang='lat' dir='ltr'>paratos,</span> 
     </span>
     <span class='ocr_line' id='line_1_4' title="bbox 436 506 1804 573; baseline -0.004 -17"><span class='ocrx_word' id='word_1_19' title='bbox 436 513 511 573; x_wconf 89' lang='lat' dir='ltr'>qui</span> <span class='ocrx_word' id='word_1_20' title='bbox 550 513 590 555; x_wconf 93' lang='lat' dir='ltr'>vi</span> <span class='ocrx_word' id='word_1_21' title='bbox 630 529 679 555; x_wconf 83' lang='lat' dir='ltr'>ac</span> <span class='ocrx_word' id='word_1_22' title='bbox 720 528 797 572; x_wconf 87' lang='lat' dir='ltr'>per</span> <span class='ocrx_word' id='word_1_23' title='bbox 831 526 950 553; x_wconf 86' lang='lat' dir='ltr'>arma</span> <span class='ocrx_word' id='word_1_24' title='bbox 989 509 1294 569; x_wconf 79' lang='lat' dir='ltr'>prohiberent,</span> <span class='ocrx_word' id='word_1_25' title='bbox 1332 507 1514 551; x_wconf 85' lang='lat' dir='ltr'>dimissis</span> <span class='ocrx_word' id='word_1_26' title='bbox 1554 506 1804 563; x_wconf 80' lang='lat' dir='ltr'>lictoribus,</span> 
     </span>
     <span class='ocr_line' id='line_1_5' title="bbox 437 586 1807 652; baseline -0.004 -16"><span class='ocrx_word' id='word_1_27' title='bbox 437 593 686 652; x_wconf 87' lang='lat' dir='ltr'>abjectaque</span> <span class='ocrx_word' id='word_1_28' title='bbox 718 599 945 652; x_wconf 80' lang='lat' dir='ltr'>praetexta,</span> <span class='ocrx_word' id='word_1_29' title='bbox 980 588 1160 632; x_wconf 90' lang='lat' dir='ltr'>domum</span> <span class='ocrx_word' id='word_1_30' title='bbox 1190 586 1300 631; x_wconf 88' lang='lat' dir='ltr'>clam</span> <span class='ocrx_word' id='word_1_31' title='bbox 1334 587 1519 648; x_wconf 82' lang='lat' dir='ltr'>refugit,</span> <span class='ocrx_word' id='word_1_32' title='bbox 1548 604 1628 648; x_wconf 90' lang='lat' dir='ltr'>pro</span> <span class='ocrx_word' id='word_1_33' title='bbox 1661 587 1807 630; x_wconf 92' lang='lat' dir='ltr'>condi-</span> 
     </span>
     <span class='ocr_line' id='line_1_6' title="bbox 438 665 1806 731; baseline -0.005 -15"><span class='ocrx_word' id='word_1_34' title='bbox 438 673 553 716; x_wconf 85' lang='lat' dir='ltr'>tione</span> <span class='ocrx_word' id='word_1_35' title='bbox 581 681 825 731; x_wconf 83' lang='lat' dir='ltr'>temporum</span> <span class='ocrx_word' id='word_1_36' title='bbox 852 669 1093 729; x_wconf 85' lang='lat' dir='ltr'>quieturus.</span> <span class='ocrx_word' id='word_1_37' title='bbox 1118 665 1451 711; x_wconf 82' lang='lat' dir='ltr'>Multitudinem</span> <span class='ocrx_word' id='word_1_38' title='bbox 1478 683 1650 726; x_wconf 89' lang='lat' dir='ltr'>quoque</span> <span class='ocrx_word' id='word_1_39' title='bbox 1672 665 1806 710; x_wconf 90' lang='lat' dir='ltr'>biduo</span> 
     </span>
     <span class='ocr_line' id='line_1_7' title="bbox 438 745 1805 812; baseline -0.005 -18"><span class='ocrx_word' id='word_1_40' title='bbox 438 761 536 812; x_wconf 87' lang='lat' dir='ltr'>post</span> <span class='ocrx_word' id='word_1_41' title='bbox 573 760 726 811; x_wconf 86' lang='lat' dir='ltr'>sponte</span> <span class='ocrx_word' id='word_1_42' title='bbox 763 758 806 792; x_wconf 89' lang='lat' dir='ltr'>et</span> <span class='ocrx_word' id='word_1_43' title='bbox 838 747 953 791; x_wconf 86' lang='lat' dir='ltr'>ultro</span> <span class='ocrx_word' id='word_1_44' title='bbox 988 745 1307 800; x_wconf 86' lang='lat' dir='ltr'>confluentem,</span> <span class='ocrx_word' id='word_1_45' title='bbox 1345 762 1608 811; x_wconf 78' lang='lat' dir='ltr'>operamque</span> <span class='ocrx_word' id='word_1_46' title='bbox 1643 745 1724 790; x_wconf 88' lang='lat' dir='ltr'>sibi</span> <span class='ocrx_word' id='word_1_47' title='bbox 1762 745 1805 788; x_wconf 89' lang='lat' dir='ltr'>in</span> 
     </span>
     <span class='ocr_line' id='line_1_8' title="bbox 438 824 1806 890; baseline -0.004 -16"><span class='ocrx_word' id='word_1_48' title='bbox 438 829 662 874; x_wconf 84' lang='lat' dir='ltr'>asserenda</span> <span class='ocrx_word' id='word_1_49' title='bbox 696 828 905 890; x_wconf 82' lang='lat' dir='ltr'>dignitate</span> <span class='ocrx_word' id='word_1_50' title='bbox 937 826 1247 872; x_wconf 85' lang='lat' dir='ltr'>tumultuosius</span> <span class='ocrx_word' id='word_1_51' title='bbox 1280 824 1583 886; x_wconf 87' lang='lat' dir='ltr'>pollicentem,</span> <span class='ocrx_word' id='word_1_52' title='bbox 1613 841 1806 886; x_wconf 88' lang='lat' dir='ltr'>compes-</span> 
     </span>
     <span class='ocr_line' id='line_1_9' title="bbox 437 906 1806 968; baseline -0.003 -16"><span class='ocrx_word' id='word_1_53' title='bbox 437 910 539 953; x_wconf 83' lang='lat' dir='ltr'>cuit.</span> <span class='ocrx_word' id='word_1_54' title='bbox 565 908 698 966; x_wconf 90' lang='lat' dir='ltr'>Quod</span> <span class='ocrx_word' id='word_1_55' title='bbox 723 924 857 968; x_wconf 88' lang='lat' dir='ltr'>quum</span> <span class='ocrx_word' id='word_1_56' title='bbox 888 917 1042 967; x_wconf 84' lang='lat' dir='ltr'>praeter</span> <span class='ocrx_word' id='word_1_57' title='bbox 1068 906 1319 967; x_wconf 89' lang='lat' dir='ltr'>opinionem</span> <span class='ocrx_word' id='word_1_58' title='bbox 1344 906 1580 962; x_wconf 82' lang='lat' dir='ltr'>evenisset,</span> <span class='ocrx_word' id='word_1_59' title='bbox 1607 914 1806 960; x_wconf 77' lang='lat' dir='ltr'>senatus,</span> 
     </span>
     <span class='ocr_line' id='line_1_10' title="bbox 438 985 1804 1046; baseline -0.003 -14"><span class='ocrx_word' id='word_1_60' title='bbox 438 989 493 1032; x_wconf 94' lang='lat' dir='ltr'>ob</span> <span class='ocrx_word' id='word_1_61' title='bbox 522 988 706 1032; x_wconf 89' lang='lat' dir='ltr'>eundem</span> <span class='ocrx_word' id='word_1_62' title='bbox 733 998 891 1031; x_wconf 84' lang='lat' dir='ltr'>coetum</span> <span class='ocrx_word' id='word_1_63' title='bbox 916 988 1114 1030; x_wconf 86' lang='lat' dir='ltr'>festinato</span> <span class='ocrx_word' id='word_1_64' title='bbox 1141 996 1337 1043; x_wconf 87' lang='lat' dir='ltr'>coactus,</span> <span class='ocrx_word' id='word_1_65' title='bbox 1363 986 1520 1046; x_wconf 80' lang='lat' dir='ltr'>gratias</span> <span class='ocrx_word' id='word_1_66' title='bbox 1547 986 1584 1029; x_wconf 92' lang='lat' dir='ltr'>ei</span> <span class='ocrx_word' id='word_1_67' title='bbox 1614 1002 1690 1046; x_wconf 92' lang='lat' dir='ltr'>per</span> <span class='ocrx_word' id='word_1_68' title='bbox 1715 985 1804 1045; x_wconf 90' lang='lat' dir='ltr'>pri-</span> 
     </span>
     <span class='ocr_line' id='line_1_11' title="bbox 439 1063 1806 1128; baseline -0.003 -18"><span class='ocrx_word' id='word_1_69' title='bbox 439 1085 578 1111; x_wconf 88' lang='lat' dir='ltr'>mores</span> <span class='ocrx_word' id='word_1_70' title='bbox 600 1069 715 1111; x_wconf 84' lang='lat' dir='ltr'>viros</span> <span class='ocrx_word' id='word_1_71' title='bbox 739 1068 827 1128; x_wconf 84' lang='lat' dir='ltr'>egit</span> <span class='ocrx_word' id='word_1_72' title='bbox 852 1084 861 1110; x_wconf 76' lang='lat' dir='ltr'>t</span> <span class='ocrx_word' id='word_1_73' title='bbox 887 1067 1160 1126; x_wconf 79' lang='lat' dir='ltr'>accitumque</span> <span class='ocrx_word' id='word_1_74' title='bbox 1185 1067 1229 1109; x_wconf 92' lang='lat' dir='ltr'>in</span> <span class='ocrx_word' id='word_1_75' title='bbox 1254 1066 1443 1121; x_wconf 87' lang='lat' dir='ltr'>curiam,</span> <span class='ocrx_word' id='word_1_76' title='bbox 1467 1075 1508 1108; x_wconf 89' lang='lat' dir='ltr'>et</span> <span class='ocrx_word' id='word_1_77' title='bbox 1532 1063 1806 1124; x_wconf 83' lang='lat' dir='ltr'>amplissimis</span> 
     </span>
     <span class='ocr_line' id='line_1_12' title="bbox 441 1145 1807 1206; baseline -0.002 -17"><span class='ocrx_word' id='word_1_78' title='bbox 441 1147 581 1189; x_wconf 84' lang='lat' dir='ltr'>verbis</span> <span class='ocrx_word' id='word_1_79' title='bbox 598 1146 913 1201; x_wconf 81' lang='lat' dir='ltr'>collaudatum,</span> <span class='ocrx_word' id='word_1_80' title='bbox 933 1146 976 1189; x_wconf 90' lang='lat' dir='ltr'>in</span> <span class='ocrx_word' id='word_1_81' title='bbox 998 1147 1216 1206; x_wconf 86' lang='lat' dir='ltr'>integrum</span> <span class='ocrx_word' id='word_1_82' title='bbox 1233 1146 1441 1200; x_wconf 80' lang='lat' dir='ltr'>restituit,</span> <span class='ocrx_word' id='word_1_83' title='bbox 1464 1145 1643 1188; x_wconf 86' lang='lat' dir='ltr'>inducto</span> <span class='ocrx_word' id='word_1_84' title='bbox 1663 1145 1807 1205; x_wconf 89' lang='lat' dir='ltr'>priore</span> 
     </span>
     <span class='ocr_line' id='line_1_13' title="bbox 438 1224 622 1270; baseline 0.016 -3"><span class='ocrx_word' id='word_1_85' title='bbox 438 1224 622 1270; x_wconf 88' lang='lat' dir='ltr'>decreto.</span> 
     </span>
    </p>

    <p class='ocr_par' dir='ltr' id='par_1_3' title="bbox 438 1305 1810 2408">
     <span class='ocr_line' id='line_1_14' title="bbox 502 1305 1807 1363; baseline -0.002 -14"><span class='ocrx_word' id='word_1_86' title='bbox 502 1308 640 1350; x_wconf 90' lang='lat' dir='ltr'><strong>XVII.</strong></span> <span class='ocrx_word' id='word_1_87' title='bbox 678 1306 853 1350; x_wconf 87' lang='lat' dir='ltr'>Recidit</span> <span class='ocrx_word' id='word_1_88' title='bbox 875 1324 1026 1351; x_wconf 86' lang='lat' dir='ltr'>rursus</span> <span class='ocrx_word' id='word_1_89' title='bbox 1052 1308 1095 1350; x_wconf 93' lang='lat' dir='ltr'>in</span> <span class='ocrx_word' id='word_1_90' title='bbox 1120 1307 1349 1350; x_wconf 85' lang='lat' dir='ltr'>discrimen</span> <span class='ocrx_word' id='word_1_91' title='bbox 1373 1307 1511 1363; x_wconf 88' lang='lat' dir='ltr'>aliud,</span> <span class='ocrx_word' id='word_1_92' title='bbox 1538 1307 1651 1349; x_wconf 90' lang='lat' dir='ltr'>inter</span> <span class='ocrx_word' id='word_1_93' title='bbox 1671 1305 1807 1348; x_wconf 90' lang='lat' dir='ltr'>socios</span> 
     </span>
     <span class='ocr_line' id='line_1_15' title="bbox 440 1385 1806 1447; baseline -0.001 -18"><span class='ocrx_word' id='word_1_94' title='bbox 440 1385 635 1429; x_wconf 75' lang='lat' dir='ltr'>Catilinae</span> <span class='ocrx_word' id='word_1_95' title='bbox 664 1388 938 1442; x_wconf 87' lang='lat' dir='ltr'>nominatus,</span> <span class='ocrx_word' id='word_1_96' title='bbox 968 1397 1010 1429; x_wconf 89' lang='lat' dir='ltr'>ct</span> <span class='ocrx_word' id='word_1_97' title='bbox 1038 1387 1153 1447; x_wconf 85' lang='lat' dir='ltr'>apud</span> <span class='ocrx_word' id='word_1_98' title='bbox 1179 1389 1368 1432; x_wconf 86' lang='lat' dir='ltr'>Novium</span> <span class='ocrx_word' id='word_1_99' title='bbox 1403 1388 1591 1447; x_wconf 85' lang='lat' dir='ltr'>Nigrum</span> <span class='ocrx_word' id='word_1_100' title='bbox 1624 1394 1806 1445; x_wconf 83' lang='lat' dir='ltr'>quaesto-</span> 
     </span>
     <span class='ocr_line' id='line_1_16' title="bbox 442 1466 1807 1527; baseline 0 -19"><span class='ocrx_word' id='word_1_101' title='bbox 442 1482 531 1509; x_wconf 86' lang='lat' dir='ltr'>rem</span> <span class='ocrx_word' id='word_1_102' title='bbox 556 1482 580 1508; x_wconf 86' lang='lat' dir='ltr'>a</span> <span class='ocrx_word' id='word_1_103' title='bbox 606 1467 656 1508; x_wconf 87' lang='lat' dir='ltr'>L.</span> <span class='ocrx_word' id='word_1_104' title='bbox 683 1468 830 1509; x_wconf 84' lang='lat' dir='ltr'>Vettio</span> <span class='ocrx_word' id='word_1_105' title='bbox 856 1467 1027 1527; x_wconf 84' lang='lat' dir='ltr'>judice,</span> <span class='ocrx_word' id='word_1_106' title='bbox 1056 1478 1098 1511; x_wconf 88' lang='lat' dir='ltr'>et</span> <span class='ocrx_word' id='word_1_107' title='bbox 1128 1468 1171 1510; x_wconf 87' lang='lat' dir='ltr'>in</span> <span class='ocrx_word' id='word_1_108' title='bbox 1202 1477 1352 1511; x_wconf 84' lang='lat' dir='ltr'>senatu</span> <span class='ocrx_word' id='word_1_109' title='bbox 1383 1485 1405 1510; x_wconf 86' lang='lat' dir='ltr'>a</span> <span class='ocrx_word' id='word_1_110' title='bbox 1430 1468 1485 1523; x_wconf 93' lang='lat' dir='ltr'>Q.</span> <span class='ocrx_word' id='word_1_111' title='bbox 1513 1466 1648 1511; x_wconf 85' lang='lat' dir='ltr'>Curio</span> <span class='ocrx_word' id='word_1_112' title='bbox 1675 1483 1683 1509; x_wconf 93' lang='lat'>:</span> <span class='ocrx_word' id='word_1_113' title='bbox 1710 1466 1778 1509; x_wconf 87' lang='lat' dir='ltr'>cui</span> <span class='ocrx_word' id='word_1_114' title='bbox 1796 1499 1807 1521; x_wconf 91' lang='lat'>,</span> 
     </span>
     <span class='ocr_line' id='line_1_17' title="bbox 440 1545 1806 1608; baseline 0.001 -21"><span class='ocrx_word' id='word_1_115' title='bbox 440 1545 556 1603; x_wconf 90' lang='lat' dir='ltr'>quod</span> <span class='ocrx_word' id='word_1_116' title='bbox 575 1546 742 1605; x_wconf 87' lang='lat' dir='ltr'>primus</span> <span class='ocrx_word' id='word_1_117' title='bbox 761 1547 938 1590; x_wconf 86' lang='lat' dir='ltr'>consilia</span> <span class='ocrx_word' id='word_1_118' title='bbox 961 1548 1289 1608; x_wconf 85' lang='lat' dir='ltr'>conjuratorum</span> <span class='ocrx_word' id='word_1_119' title='bbox 1314 1548 1552 1601; x_wconf 84' lang='lat' dir='ltr'>detexerat,</span> <span class='ocrx_word' id='word_1_120' title='bbox 1571 1547 1806 1589; x_wconf 80' lang='lat' dir='ltr'>constituta</span> 
     </span>
     <span class='ocr_line' id='line_1_18' title="bbox 440 1625 1807 1687; baseline 0.001 -21"><span class='ocrx_word' id='word_1_121' title='bbox 440 1634 564 1667; x_wconf 86' lang='lat' dir='ltr'>crant</span> <span class='ocrx_word' id='word_1_122' title='bbox 593 1625 764 1685; x_wconf 89' lang='lat' dir='ltr'>publice</span> <span class='ocrx_word' id='word_1_123' title='bbox 797 1627 984 1687; x_wconf 81' lang='lat' dir='ltr'>praemia.</span> <span class='ocrx_word' id='word_1_124' title='bbox 1016 1629 1176 1671; x_wconf 86' lang='lat' dir='ltr'>Curius</span> <span class='ocrx_word' id='word_1_125' title='bbox 1207 1645 1229 1671; x_wconf 88' lang='lat' dir='ltr'>e</span> <span class='ocrx_word' id='word_1_126' title='bbox 1259 1628 1449 1671; x_wconf 79' lang='lat' dir='ltr'>Catilina</span> <span class='ocrx_word' id='word_1_127' title='bbox 1480 1644 1524 1670; x_wconf 91' lang='lat' dir='ltr'>se</span> <span class='ocrx_word' id='word_1_128' title='bbox 1557 1626 1807 1687; x_wconf 84' lang='lat' dir='ltr'>cognovisse</span> 
     </span>
     <span class='ocr_line' id='line_1_19' title="bbox 440 1701 1809 1769; baseline 0.002 -23"><span class='ocrx_word' id='word_1_129' title='bbox 440 1701 609 1748; x_wconf 80' lang='lat' dir='ltr'>dicebat</span> <span class='ocrx_word' id='word_1_130' title='bbox 646 1722 655 1748; x_wconf 94' lang='lat'><strong>:</strong></span> <span class='ocrx_word' id='word_1_131' title='bbox 696 1708 867 1751; x_wconf 87' lang='lat' dir='ltr'>Vettius</span> <span class='ocrx_word' id='word_1_132' title='bbox 907 1709 1036 1751; x_wconf 86' lang='lat' dir='ltr'>etiam</span> <span class='ocrx_word' id='word_1_133' title='bbox 1075 1708 1415 1769; x_wconf 83' lang='lat' dir='ltr'>chirographum</span> <span class='ocrx_word' id='word_1_134' title='bbox 1457 1709 1574 1768; x_wconf 86' lang='lat' dir='ltr'>ejus,</span> <span class='ocrx_word' id='word_1_135' title='bbox 1613 1706 1809 1753; x_wconf 81' lang='lat' dir='ltr'>Catilinae</span> 
     </span>
     <span class='ocr_line' id='line_1_20' title="bbox 440 1783 1810 1846; baseline 0.003 -20"><span class='ocrx_word' id='word_1_136' title='bbox 440 1783 615 1841; x_wconf 85' lang='lat' dir='ltr'>datum,</span> <span class='ocrx_word' id='word_1_137' title='bbox 646 1785 943 1846; x_wconf 79' lang='lat' dir='ltr'>pollicebatur.</span> <span class='ocrx_word' id='word_1_138' title='bbox 979 1787 1031 1831; x_wconf 90' lang='lat' dir='ltr'>Id</span> <span class='ocrx_word' id='word_1_139' title='bbox 1067 1805 1170 1831; x_wconf 82' lang='lat' dir='ltr'>vero</span> <span class='ocrx_word' id='word_1_140' title='bbox 1203 1790 1347 1832; x_wconf 81' lang='lat' dir='ltr'>Caesar</span> <span class='ocrx_word' id='word_1_141' title='bbox 1381 1788 1501 1831; x_wconf 91' lang='lat' dir='ltr'>nullo</span> <span class='ocrx_word' id='word_1_142' title='bbox 1538 1787 1668 1831; x_wconf 88' lang='lat' dir='ltr'>modo</span> <span class='ocrx_word' id='word_1_143' title='bbox 1704 1786 1810 1831; x_wconf 83' lang='lat' dir='ltr'>tole-</span> 
     </span>
     <span class='ocr_line' id='line_1_21' title="bbox 440 1863 1809 1929; baseline 0.003 -23"><span class='ocrx_word' id='word_1_144' title='bbox 440 1863 626 1908; x_wconf 88' lang='lat' dir='ltr'>randum</span> <span class='ocrx_word' id='word_1_145' title='bbox 647 1866 915 1922; x_wconf 80' lang='lat' dir='ltr'>existimans,</span> <span class='ocrx_word' id='word_1_146' title='bbox 942 1884 1097 1927; x_wconf 87' lang='lat' dir='ltr'>quum,</span> <span class='ocrx_word' id='word_1_147' title='bbox 1118 1868 1352 1929; x_wconf 88' lang='lat' dir='ltr'>implorato</span> <span class='ocrx_word' id='word_1_148' title='bbox 1372 1868 1595 1912; x_wconf 82' lang='lat' dir='ltr'>Ciceronis</span> <span class='ocrx_word' id='word_1_149' title='bbox 1621 1868 1809 1910; x_wconf 88' lang='lat' dir='ltr'>testimo-</span> 
     </span>
     <span class='ocr_line' id='line_1_22' title="bbox 439 1944 1809 2009; baseline 0.003 -23"><span class='ocrx_word' id='word_1_150' title='bbox 439 1944 537 1998; x_wconf 79' lang='lat' dir='ltr'>nio,</span> <span class='ocrx_word' id='word_1_151' title='bbox 566 1945 761 2004; x_wconf 76' lang='lat' dir='ltr'>quaedam</span> <span class='ocrx_word' id='word_1_152' title='bbox 787 1964 830 1990; x_wconf 90' lang='lat' dir='ltr'>se</span> <span class='ocrx_word' id='word_1_153' title='bbox 857 1947 909 1991; x_wconf 90' lang='lat' dir='ltr'>de</span> <span class='ocrx_word' id='word_1_154' title='bbox 934 1949 1235 2009; x_wconf 83' lang='lat' dir='ltr'>conjuratione</span> <span class='ocrx_word' id='word_1_155' title='bbox 1263 1948 1378 1991; x_wconf 89' lang='lat' dir='ltr'>ultro</span> <span class='ocrx_word' id='word_1_156' title='bbox 1401 1947 1454 1991; x_wconf 87' lang='lat' dir='ltr'>ad</span> <span class='ocrx_word' id='word_1_157' title='bbox 1479 1964 1578 1991; x_wconf 87' lang='lat' dir='ltr'>eum</span> <span class='ocrx_word' id='word_1_158' title='bbox 1607 1947 1809 1991; x_wconf 85' lang='lat' dir='ltr'>detulisse</span> 
     </span>
     <span class='ocr_line' id='line_1_23' title="bbox 440 2023 1809 2088; baseline 0.003 -22"><span class='ocrx_word' id='word_1_159' title='bbox 440 2023 677 2082; x_wconf 89' lang='lat' dir='ltr'>docuisset,</span> <span class='ocrx_word' id='word_1_160' title='bbox 703 2043 756 2069; x_wconf 91' lang='lat' dir='ltr'>ne</span> <span class='ocrx_word' id='word_1_161' title='bbox 779 2028 915 2070; x_wconf 91' lang='lat' dir='ltr'>Curio</span> <span class='ocrx_word' id='word_1_162' title='bbox 939 2029 1116 2088; x_wconf 82' lang='lat' dir='ltr'>praemia</span> <span class='ocrx_word' id='word_1_163' title='bbox 1139 2028 1367 2084; x_wconf 86' lang='lat' dir='ltr'>darentur,</span> <span class='ocrx_word' id='word_1_164' title='bbox 1391 2028 1533 2071; x_wconf 85' lang='lat' dir='ltr'>effecit</span> <span class='ocrx_word' id='word_1_165' title='bbox 1553 2045 1561 2070; x_wconf 93' lang='lat'><strong>:</strong></span> <span class='ocrx_word' id='word_1_166' title='bbox 1587 2028 1782 2072; x_wconf 86' lang='lat' dir='ltr'>Vettium</span> <span class='ocrx_word' id='word_1_167' title='bbox 1798 2063 1809 2083; x_wconf 86' lang='lat'>,</span> 
     </span>
     <span class='ocr_line' id='line_1_24' title="bbox 440 2103 1809 2168; baseline 0.004 -23"><span class='ocrx_word' id='word_1_168' title='bbox 440 2103 694 2163; x_wconf 86' lang='lat' dir='ltr'>pignoribus</span> <span class='ocrx_word' id='word_1_169' title='bbox 724 2106 886 2166; x_wconf 85' lang='lat' dir='ltr'>captis,</span> <span class='ocrx_word' id='word_1_170' title='bbox 919 2117 962 2151; x_wconf 86' lang='lat' dir='ltr'>et</span> <span class='ocrx_word' id='word_1_171' title='bbox 1003 2107 1173 2168; x_wconf 86' lang='lat' dir='ltr'>direpta</span> <span class='ocrx_word' id='word_1_172' title='bbox 1209 2106 1473 2167; x_wconf 84' lang='lat' dir='ltr'>supellectile</span> <span class='ocrx_word' id='word_1_173' title='bbox 1510 2107 1621 2150; x_wconf 86' lang='lat' dir='ltr'>male</span> <span class='ocrx_word' id='word_1_174' title='bbox 1648 2107 1809 2151; x_wconf 84' lang='lat' dir='ltr'>mulca-</span> 
     </span>
     <span class='ocr_line' id='line_1_25' title="bbox 441 2187 1809 2248; baseline 0.004 -24"><span class='ocrx_word' id='word_1_175' title='bbox 441 2192 558 2239; x_wconf 86' lang='lat' dir='ltr'>tum,</span> <span class='ocrx_word' id='word_1_176' title='bbox 600 2201 650 2228; x_wconf 85' lang='lat' dir='ltr'>ac</span> <span class='ocrx_word' id='word_1_177' title='bbox 692 2202 772 2245; x_wconf 87' lang='lat' dir='ltr'>pro</span> <span class='ocrx_word' id='word_1_178' title='bbox 820 2187 970 2230; x_wconf 89' lang='lat' dir='ltr'>rostris</span> <span class='ocrx_word' id='word_1_179' title='bbox 1014 2188 1057 2230; x_wconf 91' lang='lat' dir='ltr'>in</span> <span class='ocrx_word' id='word_1_180' title='bbox 1107 2188 1314 2231; x_wconf 87' lang='lat' dir='ltr'>concione</span> <span class='ocrx_word' id='word_1_181' title='bbox 1357 2204 1477 2247; x_wconf 77' lang='lat' dir='ltr'>paene</span> <span class='ocrx_word' id='word_1_182' title='bbox 1522 2187 1809 2248; x_wconf 89' lang='lat' dir='ltr'>discerptum,</span> 
     </span>
     <span class='ocr_line' id='line_1_26' title="bbox 440 2263 1810 2327; baseline 0.003 -22"><span class='ocrx_word' id='word_1_183' title='bbox 440 2264 620 2323; x_wconf 86' lang='lat' dir='ltr'>conjecit</span> <span class='ocrx_word' id='word_1_184' title='bbox 647 2265 690 2308; x_wconf 88' lang='lat' dir='ltr'>in</span> <span class='ocrx_word' id='word_1_185' title='bbox 716 2283 930 2310; x_wconf 83' lang='lat' dir='ltr'>carcerem</span> <span class='ocrx_word' id='word_1_186' title='bbox 964 2284 972 2310; x_wconf 91' lang='lat'>:</span> <span class='ocrx_word' id='word_1_187' title='bbox 998 2267 1149 2311; x_wconf 88' lang='lat' dir='ltr'>eodem</span> <span class='ocrx_word' id='word_1_188' title='bbox 1171 2269 1364 2312; x_wconf 87' lang='lat' dir='ltr'>Novium</span> <span class='ocrx_word' id='word_1_189' title='bbox 1389 2277 1667 2327; x_wconf 80' lang='lat' dir='ltr'>quaestorem,</span> <span class='ocrx_word' id='word_1_190' title='bbox 1693 2263 1810 2326; x_wconf 89' lang='lat' dir='ltr'>quod</span> 
     </span>
     <span class='ocr_line' id='line_1_27' title="bbox 438 2342 1714 2408; baseline 0.005 -23"><span class='ocrx_word' id='word_1_191' title='bbox 438 2342 690 2403; x_wconf 85' lang='lat' dir='ltr'>compellari</span> <span class='ocrx_word' id='word_1_192' title='bbox 714 2345 831 2406; x_wconf 85' lang='lat' dir='ltr'>apud</span> <span class='ocrx_word' id='word_1_193' title='bbox 853 2362 897 2389; x_wconf 89' lang='lat' dir='ltr'>se</span> <span class='ocrx_word' id='word_1_194' title='bbox 917 2348 1121 2407; x_wconf 86' lang='lat' dir='ltr'>majorem</span> <span class='ocrx_word' id='word_1_195' title='bbox 1146 2356 1404 2408; x_wconf 87' lang='lat' dir='ltr'>potestatem</span> <span class='ocrx_word' id='word_1_196' title='bbox 1425 2363 1573 2407; x_wconf 91' lang='lat' dir='ltr'>passus</span> <span class='ocrx_word' id='word_1_197' title='bbox 1595 2357 1714 2391; x_wconf 87' lang='lat' dir='ltr'>esset.</span> 
     </span>
    </p>

    <p class='ocr_par' dir='ltr' id='par_1_4' title="bbox 439 2425 1809 2646">
     <span class='ocr_line' id='line_1_28' title="bbox 500 2425 1809 2486; baseline 0.003 -21"><span class='ocrx_word' id='word_1_198' title='bbox 500 2425 664 2467; x_wconf 90' lang='lat' dir='ltr'>XVIII.</span> <span class='ocrx_word' id='word_1_199' title='bbox 700 2427 764 2468; x_wconf 80' lang='lat' dir='ltr'>Ex</span> <span class='ocrx_word' id='word_1_200' title='bbox 803 2435 991 2485; x_wconf 79' lang='lat' dir='ltr'>praetura</span> <span class='ocrx_word' id='word_1_201' title='bbox 1030 2427 1280 2471; x_wconf 89' lang='lat' dir='ltr'>ulteriorem</span> <span class='ocrx_word' id='word_1_202' title='bbox 1315 2427 1492 2470; x_wconf 85' lang='lat' dir='ltr'>sortitus</span> <span class='ocrx_word' id='word_1_203' title='bbox 1527 2426 1809 2486; x_wconf 86' lang='lat' dir='ltr'>Hispaniam,</span> 
     </span>
     <span class='ocr_line' id='line_1_29' title="bbox 439 2504 1809 2567; baseline 0.003 -23"><span class='ocrx_word' id='word_1_204' title='bbox 439 2504 669 2547; x_wconf 82' lang='lat' dir='ltr'>retinentes</span> <span class='ocrx_word' id='word_1_205' title='bbox 695 2505 931 2550; x_wconf 90' lang='lat' dir='ltr'>creditores</span> <span class='ocrx_word' id='word_1_206' title='bbox 957 2507 1203 2550; x_wconf 80' lang='lat' dir='ltr'>interventu</span> <span class='ocrx_word' id='word_1_207' title='bbox 1228 2523 1485 2567; x_wconf 90' lang='lat' dir='ltr'>sponsorum</span> <span class='ocrx_word' id='word_1_208' title='bbox 1515 2507 1700 2550; x_wconf 86' lang='lat' dir='ltr'>removit</span> <span class='ocrx_word' id='word_1_209' title='bbox 1725 2522 1735 2548; x_wconf 90' lang='lat'>:</span> <span class='ocrx_word' id='word_1_210' title='bbox 1762 2520 1809 2548; x_wconf 84' lang='lat' dir='ltr'>ac</span> 
     </span>
     <span class='ocr_line' id='line_1_30' title="bbox 441 2586 1809 2646; baseline 0.004 -24"><span class='ocrx_word' id='word_1_211' title='bbox 441 2599 577 2641; x_wconf 74' lang='lat' dir='ltr'>neque</span> <span class='ocrx_word' id='word_1_212' title='bbox 605 2601 749 2642; x_wconf 85' lang='lat' dir='ltr'>more,</span> <span class='ocrx_word' id='word_1_213' title='bbox 779 2603 918 2646; x_wconf 86' lang='lat' dir='ltr'>neque</span> <span class='ocrx_word' id='word_1_214' title='bbox 942 2587 1065 2646; x_wconf 89' lang='lat' dir='ltr'>jure,</span> <span class='ocrx_word' id='word_1_215' title='bbox 1092 2596 1322 2645; x_wconf 80' lang='lat' dir='ltr'>antequam</span> <span class='ocrx_word' id='word_1_216' title='bbox 1347 2586 1580 2646; x_wconf 76' lang='lat' dir='ltr'>provinciae</span> <span class='ocrx_word' id='word_1_217' title='bbox 1604 2601 1809 2628; x_wconf 84' lang='lat' dir='ltr'>ornaren—</span> 
     </span>
    </p>
   </div>
   <div class='ocr_carea' id='block_1_3' title="bbox 441 2663 1808 2725">
    <p class='ocr_par' dir='ltr' id='par_1_5' title="bbox 441 2663 1808 2725">
     <span class='ocr_line' id='line_1_31' title="bbox 441 2663 1808 2725; baseline 0.004 -23"><span class='ocrx_word' id='word_1_218' title='bbox 441 2671 534 2708; x_wconf 75' lang='lat' dir='ltr'>tur,</span> <span class='ocrx_word' id='word_1_219' title='bbox 575 2664 794 2723; x_wconf 76' lang='lat' dir='ltr'>profectus</span> <span class='ocrx_word' id='word_1_220' title='bbox 835 2676 895 2708; x_wconf 79' lang='lat' dir='ltr'>est</span> <span class='ocrx_word' id='word_1_221' title='bbox 936 2683 944 2708; x_wconf 74' lang='grc' dir='ltr'>ε</span> <span class='ocrx_word' id='word_1_222' title='bbox 982 2666 1221 2722; x_wconf 77' lang='lat' dir='ltr'>incertum,</span> <span class='ocrx_word' id='word_1_223' title='bbox 1264 2675 1437 2709; x_wconf 84' lang='lat' dir='ltr'>metune</span> <span class='ocrx_word' id='word_1_224' title='bbox 1473 2665 1652 2725; x_wconf 86' lang='lat' dir='ltr'>judicii,</span> <span class='ocrx_word' id='word_1_225' title='bbox 1692 2663 1808 2725; x_wconf 83' lang='lat' dir='ltr'>quod</span> 
     </span>
    </p>
   </div>
  </div>
 </body>
</html>
