1988 3439
784 283 1043 317 CLAUDIUS.
1530 288 1597 322 231

228 368 601 425 K2p>„-s,sovix·s.5y‚
627 368 776 410 diebus
801 367 991 421 statutis,
1018 366 1133 410 velut
1163 369 1205 410 in
1230 369 1469 428 auditorio,
1499 376 1603 418 reei-

229 460 425 494 [arentur
447 451 526 494 toti
550 466 574 493 a
601 446 782 509 singulis
809 464 885 508 per
908 449 1036 492 vices.

294 532 449 574 XLIII.
488 529 577 574 Sub
600 529 717 572 exitu
740 529 860 584 vitae‚
894 530 1014 590 signa
1041 527 1262 589 quaedam,
1291 547 1368 574 nee
1394 533 1600 590 obseura,

229 611 476 672 poenitentis
500 619 544 653 et
570 609 622 653 de
647 609 929 653 matrimonio
956 610 1229 670 Agrippinae,
1254 609 1394 672 deque
1414 614 1602 658 Neronis

225 692 482 753 adoptione,
507 689 701 734 dederat.
725 689 972 750 Siquidem,
1000 693 1444 737 commemorantibus
1471 693 1595 738 liber-

226 772 279 816 tis
298 807 309 826 ‚
342 788 391 816 ac
420 770 700 814 laudantibus
727 770 1048 830 cognitionem,
1072 787 1155 831 qua
1194 771 1333 832 pridie
1368 774 1602 834 quamdam

224 851 426 896 adulterii
458 868 576 896 ream
615 850 1011 908 condemnaverat,
1053 872 1072 893 «
1097 852 1177 895 sihi
1217 870 1392 914 quoque
1427 855 1468 898 in
1507 855 1603 899 fatis

224 949 381 987 esse‚»
417 933 625 993 jactavit,
666 932 847 976 «omnia
884 932 1125 992 impudica,
1166 933 1240 977 sed
1270 951 1358 978 non
1387 936 1603 997 impunita

223 1014 514 1057 matrimonia.
542 1032 562 1053 »
608 1015 663 1056 Et
708 1012 894 1056 subinde
941 1014 1122 1058 obvium
1172 1014 1253 1057 sibi
1296 1015 1600 1061 Britannicum

222 1095 357 1138 artius
393 1093 668 1155 complexus,
710 1094 912 1137 hortatus
954 1104 1037 1150 est,
1079 1104 1164 1138 «ut
1193 1106 1429 1150 cresceret,
1473 1098 1603 1141 ratio-

224 1191 412 1235 nemque
434 1192 459 1218 a
481 1192 525 1218 se
549 1175 747 1218 omnium
774 1174 990 1218 factorum
1021 1176 1299 1235 acciperet3»
1326 1193 1463 1237 graeca
1492 1178 1604 1222 insu-

225 1272 301 1315 per
334 1271 438 1298 voce
471 1265 746 1315 prosecutus,
787 1254 804 1301 ὃ
840 1249 1000 1312 τρώσας
1039 1263 1107 1300 καὶ
1150 1250 1326 1300 ἰάσεται.
1368 1257 1605 1318 Quumque

225 1336 390 1397 impubi
423 1346 662 1396 teneroque
697 1335 858 1392 adhue,
894 1336 1072 1396 quando
1110 1347 1271 1381 statura
1311 1339 1604 1398 permitteret,

223 1428 369 1476 togam
397 1416 500 1459 dare
536 1415 813 1467 destinasset,
857 1416 1048 1475 adjecit:
1080 1427 1171 1460 «ut
1206 1417 1379 1461 tandem
1416 1418 1604 1479 populus

224 1512 430 1539 romanus
457 1511 607 1539 verum
635 1497 851 1539 Caesarem
877 1496 1046 1539 habeat.
1071 1518 1089 1536 ι)

287 1577 447 1620 XLIV.
474 1577 575 1621 Non
607 1575 831 1636 multoque
858 1587 979 1637 post,
1004 1587 1316 1621 testamentum
1341 1580 1473 1622 etiam
1500 1596 1604 1623 con—

222 1657 415 1717 scripsit,
457 1673 507 1700 ac
556 1657 690 1717 signis
733 1658 928 1700 omnium
966 1659 1299 1719 magistratuum
1340 1659 1601 1720 obsignavit.

224 1738 348 1780 Prius
376 1737 528 1798 igitur,
557 1753 690 1797 quam
728 1736 842 1781 ultra
879 1737 1239 1799 progrederetur,
1269 1749 1514 1799 praeventus
1541 1751 1603 1784 est

223 1817 276 1860 ab
311 1817 576 1878 Agrippina,
616 1833 746 1876 quam
791 1827 946 1878 praeter
984 1818 1074 1862 haec
1105 1820 1369 1863 conscientia
1404 1837 1605 1880 quoque,

224 1914 302 1941 nec
322 1897 470 1941 minus
494 1896 710 1941 delatores
737 1897 977 1942 multorum
1002 1900 1235 1943 eriminum
1261 1902 1519 1961 arguebant.
1550 1904 1603 1946 Et

224 1993 391 2021 veneno
420 1977 597 2037 quidem
634 1979 825 2021 occisum
861 1980 1096 2022 convenit:
1135 1979 1206 2022 ubi
1244 1989 1414 2035 autem,
1452 1991 1493 2023 et
1530 1998 1607 2040 per

224 2074 352 2117 quem
375 2057 500 2114 dato,
525 2057 754 2118 discrepat.
780 2058 973 2115 Quidam
1001 2058 1200 2114 tradunt,
1226 2058 1420 2120 epulanti
1444 2060 1485 2103 in
1509 2076 1607 2103 aree

223 2155 322 2182 cum
351 2138 681 2193 sacerdotibus,
708 2156 784 2198 per
811 2138 1021 2183 Halotum
1053 2139 1292 2200 spadonem
1320 2150 1605 2201 praegustato-

226 2235 341 2275 rem3
369 2217 465 2274 atii,
494 2217 735 2262 domestico
764 2221 987 2276 convivio,
1020 2237 1096 2280 per
1125 2221 1262 2281 ipsam
1291 2221 1604 2282 Agrippinam,

224 2315 319 2358 quoe
363 2297 558 2342 boletum
606 2298 868 2342 medicatum
920 2300 1170 2344 avidissimo
1211 2301 1409 2345 ciborum
1451 2301 1603 2345 talium

223 2377 456 2422 obtulerat.
496 2379 636 2422 Etiam
674 2378 726 2422 de
762 2379 1128 2439 subsequentibus
1170 2380 1338 2425 diversa
1379 2381 1489 2425 fama
1527 2391 1601 2424 est.

223 2457 353 2502 Multi
380 2459 549 2514 statim,
584 2458 739 2502 hausto
764 2476 954 2512 veneno,
978 2461 1248 2503 obmutuisse
1273 2462 1419 2513 aiunt,
1452 2478 1604 2504 excru-

223 2540 474 2599 ciatumque
504 2538 728 2583 doloribus
761 2550 888 2583 nocte
920 2550 1028 2595 tota,
1057 2540 1261 2584 defecisse
1290 2558 1424 2602 prope
1450 2541 1601 2585 lucem.

229 2618 436 2663 Nonnulli
470 2608 582 2662 iiiter
611 2620 731 2663 initia
762 2622 1062 2681 consopitum,
1094 2620 1249 2663 deinde
1277 2621 1374 2663 cibo
1401 2621 1606 2664 affluente

225 2701 465 2743 evomuisse
494 2701 664 2749 omnia,
699 2701 1018 2760 repetitumth
1052 2702 1209 2750 toxico,
1242 2702 1475 2754 inem-tum,
1508 2701 1602 2760 pul-
