1971 3342
409 221 476 258 140
1015 215 1166 249 NOTJF.

403 292 469 327 ubi
489 291 669 326 sedebant
688 291 842 338 equites.
867 291 940 326 Cic.
966 292 1020 324 acl
1039 292 1144 325 Fam.
1161 318 1172 333 ‚
1200 304 1221 325 x
1238 319 1246 335 ‚
1270 291 1316 326 32
1335 303 1342 324 ε
1364 307 1377 321 «
1394 290 1623 325 Histrionem
1637 303 1781 325 summo

402 352 579 388 ludorum
591 352 653 388 die
678 355 818 388 annulo
833 366 947 388 aureo
971 353 1009 388 in
1029 352 1317 400 quatuordecim
1335 365 1472 387 sessum
1493 351 1691 387 deduxit.»

454 424 530 458 Per
547 423 785 458 orchestram.
815 424 1015 459 Orchestra
1035 430 1113 458 erat
1139 424 1236 458 inter
1256 422 1389 457 theatri
1419 422 1555 471 gradus
1585 422 1680 458 imos
1701 436 1709 457 :
1731 422 1783 458 ibi

401 484 580 519 sedebant
607 492 807 519 senatores.
828 485 925 520 Vide
945 487 1111 520 Vrrnuv.
1125 513 1134 529 ‚
1156 497 1197 528 v,
1220 497 1251 528 7.

455 547 648 581 Producto.
670 548 698 582 Ι.
727 559 757 581 e.
787 547 974 594 ampliato.

457 617 607 663 Euripo.
633 616 820 664 Euripus,
848 617 945 651 fossa
974 616 1126 664 ingens,
1161 628 1235 663 qua
1269 615 1439 663 undique
1467 614 1687 664 cingebatur
1707 615 1783 651 cir—

402 690 476 713 cus.
508 678 621 723 Plin.‚
650 679 696 712 H.
730 679 775 713 N.
793 706 802 723 ‚
830 691 928 723 wn,
957 691 975 723 7
1009 691 1016 712 :
1050 694 1064 709 r<
1086 678 1253 724 Pompeii
1275 679 1390 712 altero
1415 679 1611 713 consulatu
1633 690 1783 727 pugna-

402 751 488 774 vere
516 739 554 774 in
589 739 689 774 circo
717 739 849 788 viginti
879 739 1076 787 elephanti.
1108 739 1281 774 Universi
1318 740 1553 786 eruptionem
1594 747 1784 776 tentavere

401 813 478 836 non
492 801 568 836 sine
582 801 780 837 vexatione
801 802 936 849 populi
956 800 1175 836 circumdati
1189 801 1337 835 clathris
1357 800 1496 835 ferreis.
1512 804 1596 846 Qua
1609 801 1656 836 de
1675 813 1783 837 causa

402 863 520 897 Caesar
541 862 723 908 dictator,
750 870 881 909 postea
907 862 1024 897 simile
1048 863 1301 909 spectaculum
1327 862 1514 907 editurus,
1535 863 1674 910 euripis
1698 876 1783 899 are-

400 935 486 957 nam
509 923 767 958 circumdedit.
786 940 800 954 ν

454 985 987 1019 Βεειιίῐονίοςε-Ι)θ.ςιιῖιονες
1008 992 1135 1029 erant,
1164 985 1229 1032 qui
1255 985 1404 1019 duobus
1431 985 1536 1032 equis
1558 985 1697 1031 junctis
1716 998 1784 1020 ve—

401 1045 449 1079 cti
467 1045 560 1080 mira
574 1045 771 1080 velocitate
790 1046 837 1080 ab
863 1058 941 1081 uno
955 1046 994 1081 in
1008 1048 1164 1081 alterum
1187 1046 1453 1081 transiliebant.
1475 1046 1572 1081 Vide
1586 1048 1758 1081 Borma.
1774 1075 1783 1091 ,

401 1105 438 1140 in
469 1107 585 1142 (ἔνων.
613 1107 746 1149 Thes„
775 1119 836 1151 lx,
859 1119 932 1151 722
959 1113 995 1142 et
1019 1112 1103 1152 740.
1126 1107 1219 1141 lnde
1249 1121 1256 1141 :
1287 1109 1373 1154 equi
1395 1108 1596 1141 demam-ii.

461 1177 494 1210 T
492 1176 624 1221 rojam.
650 1197 701 1205 -υ
732 1177 868 1221 Troja,
899 1176 1012 1212 ludus
1038 1177 1220 1225 equestris
1242 1189 1471 1223 puerorum,
1499 1189 1612 1223 quem
1642 1177 1784 1214 descri-

400 1237 455 1273 bit
467 1238 803 1287 Virgil.‚AEneid.,
833 1252 878 1283 v,
905 1237 1092 1281 545-602.
1121 1239 1231 1274 Hunc
1246 1266 1254 1282 ‚
1280 1251 1398 1285 quum
1419 1250 1524 1284 paene
1542 1238 1784 1284 exolevisset‚

402 1301 522 1335 Caesar
547 1299 708 1335 restituit
729 1313 736 1334 :
762 1313 806 1335 ex
832 1300 897 1335 illo
925 1307 1095 1347 tempore
1117 1301 1245 1335 Romae
1264 1299 1440 1346 frequens
1467 1299 1548 1334 fuit.

459 1361 696 1396 Venationes.
732 1361 830 1397 Vide
866 1375 1000 1410 supra,
1031 1375 1067 1397 x.
1101 1361 1449 1408 Camelopardalum
1479 1361 1623 1408 primus
1658 1362 1786 1397 Romae

403 1422 539 1458 eodem
568 1430 737 1470 tempore
761 1423 940 1458 exhibuit.
969 1425 1097 1469 sz„
1124 1424 1168 1457 H.
1194 1424 1258 1468 N,
1278 1436 1371 1467 vm,
1404 1435 1463 1458 20.

455 1485 592 1519 Martii
613 1485 749 1532 campi.
782 1484 913 1520 Circus
933 1485 1031 1520 enim
1050 1485 1128 1519 aliis
1148 1484 1301 1519 ludicris
1322 1492 1525 1531 occupatus
1553 1491 1641 1520 erat.

454 1557 500 1589 Itz
530 1556 673 1590 minore
699 1556 851 1591 Codeta.
885 1556 1048 1598 Codeta,
1076 1568 1226 1602 campus
1252 1562 1330 1589 erat
1355 1562 1455 1590 trans
1480 1555 1657 1590 Tiberim.
1686 1556 1785 1589 Nar-

400 1616 476 1650 din.
492 1645 500 1660 ‚
531 1618 635 1651 Rom.
659 1624 753 1658 vet„
780 1629 858 1661 vn,
880 1629 913 1651 2.
941 1618 996 1651 Ex
1019 1617 1229 1651 Casaubon.
1249 1630 1256 1650 :
1276 1617 1397 1650 minor
1416 1616 1557 1651 Codeta
1589 1623 1625 1651 et
1649 1616 1782 1662 major,

400 1677 450 1711 sic
476 1679 670 1724 appellatae
685 1705 694 1722 ‚
713 1684 755 1711 ut
777 1678 981 1712 Velabrum
1007 1678 1128 1722 majus
1151 1684 1187 1712 et
1212 1678 1332 1711 minus
1346 1705 1357 1719 ,
1383 1685 1497 1724 atque
1517 1677 1587 1713 alia
1604 1677 1642 1712 in
1656 1678 1784 1713 eadem

401 1739 504 1773 urbe.

461 1801 584 1846 Tyrioe
610 1809 644 1835 et
666 1804 867 1849 AESJ'IW'OE·
898 1800 1067 1848 Intellige
1101 1818 1113 1830 τι
1133 1800 1180 1834 ad
1201 1812 1343 1835 morem
1375 1799 1576 1847 Tyriorum
1607 1808 1643 1835 et
1668 1801 1785 1849 AEgy-

401 1861 569 1910 ptiorum
597 1861 796 1897 instructae.
813 1880 827 1894 »

452 1923 658 1959 illanererzt.
680 1925 725 1959 H.
754 1937 783 1959 e.
812 1930 1103 1971 pernoctarent,
1124 1931 1165 1958 ut
1187 1924 1261 1959 Cic.
1286 1925 1340 1957 ad
1363 1926 1436 1958 Aet.
1454 1950 1464 1965 ,
1493 1936 1539 1967 x,
1572 1928 1614 1966 14
1637 1936 1644 1957 ε
1668 1925 1785 1958 «Ser-

398 1984 478 2019 vius
499 1984 621 2031 pridie
647 1998 765 2020 nonas
790 1985 877 2021 maii
901 1985 1104 2020 Minturnis
1122 1985 1297 2020 mansisse
1325 1984 1473 2019 dicitur.
1498 2000 1512 2015 υ

454 2056 541 2089 cip.
564 2056 645 2089 XL.
664 2057 803 2090 Fas-ms.
821 2058 867 2091 A.
888 2057 935 2091 U.
959 2056 1051 2101 708,
1073 2055 1155 2102 ipso
1172 2068 1218 2089 111
1245 2068 1335 2090 coss.
1361 2062 1396 2089 et
1415 2057 1468 2089 M.
1483 2055 1630 2101 Lepido
1650 2068 1783 2092 111cos.

399 2117 453 2150 De
494 2116 563 2150 hac
601 2117 836 2151 correctione
863 2117 953 2152 vide
980 2119 1056 2153 Jos.
1085 2117 1314 2159 Scamnnn,
1346 2117 1465 2150 Diatr.
1499 2117 1545 2151 de
1582 2117 1782 2153 Emendat.

398 2185 510 2223 temp.
530 2203 540 2218 ,
565 2190 626 2221 tv,
652 2178 770 2212 initio.
1447 2180 1450 2184 ”

452 2248 685 2293 Ροηιςῖἱειυη.
716 2250 758 2283 In
788 2261 884 2295 quos
910 2256 1134 2295 potestatem
1155 2249 1425 2283 transtulerunt
1450 2248 1718 2295 intercalandi3
1750 2257 1785 2284 et

398 2308 462 2355 qui
491 2309 645 2344 licenter
671 2309 922 2357 gratificantes
949 2310 1242 2357 publicanorum
1273 2311 1330 2344 vel
1360 2309 1584 2357 litigantium
1612 2322 1783 2345 commo—

398 2370 455 2405 dis
469 2399 478 2415 ,
503 2371 551 2406 ad
573 2372 771 2406 arbitrium
791 2385 900 2407 suum
921 2373 1192 2407 subtrahebant
1212 2379 1379 2417 tempora
1398 2372 1454 2405 vel
1476 2371 1673 2419 augebant.
1687 2371 1784 2407 Vide

398 2433 499 2477 (21c.‚
524 2433 572 2467 de
596 2434 682 2479 Leg.
700 2461 710 2474 ‚
742 2447 796 2478 11,
833 2446 900 2478 123
936 2435 1112 2468 Macnoss.
1131 2461 1139 2475 ‚
1176 2434 1320 2467 Satur-n.
1344 2445 1354 2465 1
1372 2461 1380 2477 ‚
1414 2437 1479 2478 143
1508 2434 1686 2467 (Ἆγι-ΗΒΚ.
1702 2461 1711 2477 ,
1737 2433 1784 2466 de

403 2493 777 2542 Vehjurepontfico,
805 2508 816 2529 1
832 2523 842 2540 ,
864 2508 923 2530 22.

456 2563 564 2599 Solis.
584 2566 710 2609 Quum
733 2565 780 2600 ad
801 2567 900 2600 lu'noe
925 2578 1075 2600 cursum
1098 2566 1198 2598 illum
1221 2565 1538 2600 accommodasset
1559 2566 1689 2601 Numa.

453 2626 760 2661 Accommodavic.
778 2627 958 2675 Sosigene
970 2626 1093 2674 perito
1109 2627 1218 2672 hujus
1239 2627 1327 2661 artis
1348 2626 1535 2673 adhibito,
1556 2639 1781 2674 quamquam
