1988 3439
736 267 1000 302 CthL‘DltJS.
1482 287 1499 309 ἰ
1512 274 1553 308 2²⁸.

178 361 226 388 ac
260 362 388 408 super
421 349 498 392 lios
535 349 761 410 Polybium
793 367 816 394 a
849 351 1024 407 studiis,
1052 353 1125 413 qui
1155 370 1265 414 saepe
1299 357 1411 400 inter
1440 358 1548 402 duos.

176 427 375 473 consules
423 429 704 475 ambulabat:
749 431 823 474 sed
862 442 963 476 ante
1006 450 1156 478 omnes
1200 436 1455 482 Narcissum
1497 441 1552 483 al)

176 508 388 569 epistolis,
414 520 456 554 et
482 509 721 555 Pallantem
749 528 772 556 a
802 514 1069 571 rationibus,
1102 532 1214 576 quos
1237 516 1411 562 decreto
1440 537 1549 579 quo-

174 604 259 648 que
284 600 457 635 senatus
485 608 570 635 non
592 593 778 653 praemiis
799 593 930 638 modo
955 595 1204 656 ingentibus
1221 631 1232 651 ,
1262 597 1334 640 sed
1361 608 1403 641 et
1430 616 1549 659 quae-

174 671 318 715 storiis
347 673 646 733 praetoriisque
675 677 944 719 ornamentis
980 677 1189 721 honorari
1227 676 1365 722 libens
1395 696 1546 740 passus

173 762 257 808 est,
288 762 455 797 tantum
480 764 685 814 praeterea
713 757 939 817 acquirere
965 768 1007 802 et
1031 775 1205 820 rapere,
1240 771 1308 816 ut,
1335 772 1549 822 querente

171 849 223 877 eo
244 834 464 894 quondam
488 835 542 879 de
567 835 657 881 fisci
679 838 937 899 exiguitate,
961 856 1047 883 non
1073 840 1261 886 absurde
1277 843 1332 886 sit
1352 842 1519 888 dictum
1538 880 1549 899 ‚

170 933 189 953 ι(
212 913 572 974 Abundaturum,
617 919 651 963 si
700 936 725 963 a
770 918 941 965 duobus
987 919 1154 966 libertis
1193 924 1238 966 in
1272 926 1543 969 consortium

169 996 446 1057 reciperetur.
471 1018 492 1040 »

231 1078 396 1122 XXIX.
421 1080 523 1137 His,
545 1091 595 1125 ut
617 1080 730 1139 dixi,
753 1083 1050 1145 uxoribusque
1073 1085 1294 1144 addictus,
1312 1106 1398 1132 non
1419 1091 1542 1150 prin-

167 1157 333 1217 cipem,
358 1159 433 1204 sed
459 1161 708 1207 ministrum
721 1165 822 1225 egit.
841 1166 1116 1227 Compendio
1130 1170 1341 1230 cujusque
1356 1171 1515 1216 horum
1533 1208 1544 1228 ‚

167 1236 232 1281 vel
254 1240 385 1283 etiam
413 1241 558 1286 studio
581 1260 631 1288 ac
660 1243 865 1303 libidine,
894 1247 1108 1302 bonores,
1137 1251 1375 1308 exercitus,
1403 1253 1545 1314 impu-

168 1318 345 1373 nitates,
379 1322 592 1384 supplicia
618 1324 799 1388 largitus
823 1338 886 1371 est
912 1346 920 1372 ε
950 1339 993 1372 et
1022 1330 1198 1390 quidem
1235 1333 1421 1376 insciens
1449 1333 1536 1395 ple·

166 1415 351 1460 rumque
383 1412 426 1446 et
461 1404 650 1464 ignarus.
690 1410 751 1452 Ac
789 1425 842 1451 ne
875 1409 1128 1470 singillatim
1165 1413 1335 1457 minora
1368 1431 1544 1476 quoquc

165 1497 435 1539 enumerem,
462 1496 685 1530 revocatas
703 1486 981 1534 liberalitates
1006 1491 1119 1551 ejus,
1143 1493 1309 1552 judicia
1336 1497 1541 1553 rescissa,

161 1563 410 1622 suppositos
439 1575 514 1609 aut
538 1567 668 1611 etiam
694 1567 836 1629 palam
868 1571 1120 1617 immutatos
1144 1573 1348 1618 datorum
1374 1575 1539 1621 officio-

162 1657 258 1686 rum
291 1643 540 1702 codicillos;
576 1649 767 1709 Appium
805 1649 1020 1709 Silanum,
1056 1670 1339 1700 consocerum
1381 1674 1539 1713 suum,

158 1721 402 1784 Juliasque‚
445 1725 624 1772 alteram
668 1731 828 1788 Drusi,
869 1731 1048 1777 alteram
1085 1737 1335 1781 Germanici
1379 1737 1539 1795 filiam,

160 1804 345 1848 crimine
368 1805 557 1863 incerto,
583 1825 662 1853 nec
685 1809 934 1856 defensione
958 1813 1045 1858 ulla
1069 1815 1189 1871 data,
1213 1817 1371 1862 occidit
1395 1837 1404 1863 :
1433 1821 1536 1865 item

157 1884 240 1927 Cn.
277 1886 555 1946 Pompeium,
596 1891 771 1951 majoris
813 1892 910 1937 filiae
951 1895 1115 1951 virum,
1154 1907 1195 1941 et
1234 1901 1285 1943 L.
1316 1899 1537 1957 Silanum,

157 1965 337 2010 minoris
377 1984 599 2028 sponsum.
638 1973 703 2016 Ex
745 1974 904 2033 quibus
936 1978 1170 2038 Pompeius
1216 1980 1259 2023 in
1298 1984 1535 2028 concubitu

157 2043 302 2089 dilecti
330 2047 640 2095 adolescentuli
674 2054 898 2099 confossus
927 2068 989 2102 est
1015 2075 1024 2101 ε
1060 2058 1232 2104 Silanus
1262 2062 1465 2107 abdicare
1492 2082 1535 2108 sc

157 2135 345 2185 praetura
387 2139 489 2173 ante
535 2143 740 2192 quartum
786 2135 990 2181 kalendas
1033 2139 1281 2199 januarias,
1336 2146 1536 2205 morique

158 2207 282 2250 initio
305 2209 407 2252 anni
435 2221 635 2267 coactus,
663 2214 762 2258 die
755 2233 847 2275 ipso
873 2217 1045 2263 Claudii
1074 2230 1114 2263 et
1138 2223 1391 2284 Agrippinae
1424 2242 1536 2287 nup-

156 2287 412 2333 tiarurn.1n
448 2293 643 2352 quinque
677 2304 718 2337 et
750 2297 923 2356 triginta
953 2310 1196 2358 senatoies,
1227 2313 1532 2373 trecentosque

154 2367 342 2430 amplius
375 2373 541 2431 equites
574 2390 775 2419 romanos
805 2386 924 2420 tanta
959 2378 1162 2424 facilitate
1187 2337 1530 2442 'animadvertit,

213 2449 323 2503 ‚d‹
364 2468 466 2495 ηοω
505 2453 745 2498 consularis
795 2457 873 2500 vi1i
919 2461 1205 2505 lenunciantc
1245 2467 1531 2522 centurione,

153 2549 174 2569 α
156 2458 357 2575 Utsactum
387 2549 476 2577 csse
501 2535 618 2598 quod
648 2537 917 2597 imperasset,
943 2559 962 2579 ι)
993 2552 1190 2601 negaret,
1229 2546 1461 2605 quicquam
1488 2565 1532 2590 sc

154 2610 401 2671 imperasse,
427 2613 562 2658 nihilo
582 2618 724 2661 minus
750 2636 836 2662 rem
859 2622 1184 2681 comprobat-vu
1207 2624 1530 2671 affirmantibus

156 2687 338 2747 libertis,
367 2693 510 2737 officio
537 2695 691 2741 milites
721 2698 914 2755 functos,
945 2702 1061 2761 quod
1083 2702 1134 2746 ad
1163 2703 1370 2749 ultionem
1392 2708 1525 2768 impc-
