1971 3342
402 283 449 318 (58
949 283 986 318 C.
1014 283 1249 319 SUETONII

399 385 423 411 e
447 367 620 412 diverso
644 384 800 428 magna
826 384 937 428 saepe
959 384 1046 411 non
1070 367 1347 411 abstinentiae
1368 365 1526 425 modo,
1554 368 1628 412 sed
1653 369 1786 414 etiam

400 446 704 500 liberalitatis,
746 449 1057 508 experimenta.
1099 449 1268 492 Omnes
1308 448 1422 492 circa
1460 463 1505 492 se
1545 447 1787 510 largissime

400 539 684 590 prosecutus,
730 529 839 572 nihil
874 530 996 590 prius
1037 538 1113 572 aut
1155 529 1300 573 acrius
1328 530 1527 586 monuit,
1562 545 1695 589 quam
1734 546 1789 574 ne
1842 582 1847 585 s

399 609 504 670 quid
535 609 710 654 sordide
749 610 951 653 facerent.
989 608 1176 654 Relictas
1205 609 1287 654 sibi
1318 608 1583 654 hereditates
1618 610 1671 654 ab
1706 611 1757 654 iis
1777 645 1790 668 ,

398 691 559 751 quibus
585 689 709 734 liberi
734 699 883 744 erant,
910 706 999 733 non
1040 691 1218 751 recepit.
1244 692 1457 751 Legatum
1483 690 1613 734 etiam
1642 706 1695 735 ex
1732 700 1791 734 te-

399 781 615 815 stamento
651 771 785 815 Rusci
824 771 1066 832 Caepionis,
1095 771 1169 830 qui
1207 780 1403 827 caverat,
1430 790 1451 811 «
1476 779 1526 814 ut
1550 771 1790 831 quotannis

399 852 747 913 ingredientibus
774 853 956 897 Curiam
982 851 1257 895 senatoribus
1282 861 1447 896 certam
1475 868 1692 896 summam
1722 852 1786 896 vi-

398 933 517 976 ritim
554 942 776 993 prcestaret
811 932 934 976 heres
975 948 1105 986 suus,
1128 950 1148 971 »
1189 931 1362 975 irritum
1399 931 1514 975 fecit.
1546 934 1684 989 Reos,
1713 932 1788 992 qui

398 1023 499 1057 ante
527 1014 878 1073 quinquennium
915 1013 1164 1072 proximum
1189 1011 1307 1072 apud
1331 1012 1533 1055 aerarium
1561 1012 1789 1072 pependis-

400 1103 513 1149 sent,
532 1094 762 1137 universos
781 1092 1033 1136 discrimine
1052 1091 1274 1148 liberavit;
1296 1108 1376 1135 nec
1390 1092 1549 1152 repeti,
1570 1093 1653 1135 nisi
1672 1092 1786 1135 intra

399 1190 590 1231 annum,
619 1191 757 1235 eaque
782 1172 1059 1229 conditione,
1086 1172 1308 1234 permisit,
1336 1181 1384 1216 ut
1412 1172 1684 1229 accusatori,
1712 1172 1788 1232 qui

398 1272 574 1299 causam
603 1272 692 1298 non
718 1263 912 1308 teneret,
938 1252 1140 1297 exsilium
1163 1268 1292 1312 poena
1316 1262 1440 1296 esset.
1472 1252 1647 1296 Scribas
1673 1269 1792 1313 quae-

399 1336 585 1392 storios,
625 1336 900 1396 negotiantes
936 1351 989 1378 ex
1016 1332 1363 1390 consuetudine,
1394 1332 1467 1376 sed
1504 1343 1658 1377 contra
1680 1331 1790 1377 Clo-

402 1416 520 1461 diam
554 1416 718 1478 legem,
757 1416 883 1460 venia
917 1416 962 1458 in
1000 1415 1271 1475 praeteritum
1310 1413 1503 1457 donavit.
1539 1414 1790 1471 Subsiciva,

399 1514 497 1558 quae
526 1498 675 1541 divisis
701 1513 778 1558 per
800 1506 1031 1540 veteranos
1059 1495 1200 1556 agris,
1235 1495 1419 1555 carptim
1452 1493 1789 1554 superfuerunt,

399 1579 624 1622 veteribus
653 1576 998 1638 possessoribus,
1022 1585 1070 1618 ut
1096 1584 1331 1634 usucapta,
1351 1574 1578 1618 concessit.
1602 1575 1789 1619 Fiscales

400 1659 645 1704 calumnias
674 1674 836 1719 magna
863 1655 1231 1701 calumniantium
1258 1671 1387 1716 poena
1416 1656 1620 1715 repressit
1646 1672 1655 1699 :
1684 1655 1790 1700 fere·

397 1740 615 1800 baturque
636 1755 720 1783 vox
746 1739 838 1799 ejus
866 1755 874 1781 :
903 1738 1178 1797 «Princeps,
1204 1737 1278 1796 qni
1308 1735 1524 1780 delatores
1547 1753 1636 1780 non
1659 1739 1788 1781 casti-

399 1830 497 1881 gat,
524 1821 682 1864 irritat.
702 1839 723 1860 n

466 1903 522 1945 X.
556 1900 641 1945 Sed
666 1917 808 1961 neque
830 1901 875 1943 in
902 1898 1167 1956 clementiae,
1194 1914 1335 1959 neque
1358 1898 1402 1941 in
1428 1897 1701 1942 abstinentiae
1729 1908 1788 1942 te-

404 1998 511 2025 nore
535 1981 778 2043 permansit
799 1997 808 2024 :
833 1989 874 2024 et
893 1990 1037 2024 tamen
1059 1978 1286 2039 aliquanto
1303 1976 1485 2022 celerius
1505 1977 1559 2021 ad
1579 1979 1789 2022 saevitiam

400 2062 605 2119 descivit,
627 2079 760 2122 quam
785 2061 839 2105 ad
868 2060 1170 2121 cupiditatem.
1192 2057 1471 2120 Discipulum
1491 2058 1660 2102 Paridis
1680 2075 1790 2120 pan-

399 2144 570 2186 tomimi
586 2142 859 2204 impuberem
876 2141 1036 2197 adhuc,
1056 2149 1246 2200 etquum
1269 2139 1457 2183 maxime
1471 2154 1650 2200 aegrum,
1668 2138 1786 2198 quod

398 2233 490 2267 arte
516 2223 745 2282 formaque
778 2238 866 2265 non
907 2219 1117 2265 absimilis
1151 2221 1362 2281 magistro
1391 2218 1642 2273 videbatur,
1670 2218 1785 2261 occi-

399 2304 464 2348 dit
492 2321 500 2348 :
528 2305 631 2347 item
655 2306 976 2364 Hermogenem
1002 2304 1280 2356 Tarsensem,
1304 2309 1484 2361 propter
1505 2298 1716 2360 quasdam
1742 2298 1785 2340 in

399 2385 580 2429 historia
607 2385 791 2445 figura83
818 2383 1009 2427 librariis
1035 2383 1192 2438 etiam,
1216 2382 1290 2442 qui
1321 2398 1417 2425 eam
1445 2380 1783 2441 descripserant,

399 2467 519 2509 cruci
553 2464 663 2509 fixis.
693 2462 1078 2519 Patremfamilias,
1106 2462 1225 2523 quod
1247 2481 1267 2502 «
1287 2462 1502 2505 Threcem
1526 2457 1783 2504 mirmilloni

399 2563 576 2607 parem,
606 2545 858 2600 munerario
890 2545 1100 2604 imparem
1120 2563 1140 2584 n
1175 2542 1367 2599 dixerat,
1401 2540 1646 2584 detractum
1685 2553 1782 2598 spe-

399 2627 589 2671 ctaculis
621 2628 665 2670 in
698 2643 898 2681 arenam,
931 2624 1113 2669 canibus
1151 2623 1335 2683 objecit,
1366 2638 1465 2665 cum
1499 2620 1582 2664 hoc
1615 2616 1741 2661 titulo
1772 2634 1781 2660 :

400 2726 419 2747 «
439 2707 577 2769 Impie
599 2706 772 2750 locutus
796 2703 1102 2767 parmularius.
1125 2724 1146 2745 n
1174 2702 1436 2763 Complures
1463 2709 1711 2754 senatores,
1740 2699 1783 2741 in
