1988 3439
572 244 816 280 OCTAVIUS
837 244 1100 279 AUGUSTUS
1476 258 1522 293 79

152 328 466 389 quinquaginta
489 328 738 371 cubitorum
755 343 835 387 pro
851 328 1053 371 Comitio.
1074 327 1241 371 Accidit
1259 330 1414 374 votivis
1434 332 1524 375 Cir-

152 409 369 465 censibus,
398 419 445 453 ut
472 418 695 469 correptus
726 406 993 464 valetudine,
1011 406 1158 451 lectica
1180 408 1362 466 cubans,
1381 420 1523 455 tensas

153 489 383 534 deduceret
413 506 421 533 :
449 505 599 533 rursus
631 488 934 532 commissione
965 487 1192 546 ludorum,
1219 490 1377 549 quibus
1411 493 1524 535 thea-

155 580 269 614 trum
284 568 478 615 Marcelli
504 568 747 625 dedicabat,
771 569 936 625 evenit,
963 580 1032 622 ut,
1058 568 1210 614 laxatis
1233 569 1346 614 sellae
1361 573 1522 616 curulis

154 651 462 712 compagibus,
489 649 661 694 caderet
689 651 886 711 supinus.
904 652 1127 711 Nepotum
1147 668 1322 712 quoque
1345 669 1525 697 suorum

154 747 359 785 munere,
385 747 520 791 quum
550 740 877 774 consternatum
906 732 1042 774 ruinae
1072 741 1190 775 metu
1221 732 1433 793 populum
1463 750 1523 776 re-

155 813 291 855 tinere
317 820 357 855 et
384 810 643 855 confirmare
679 810 801 855 nullo
829 811 959 855 modo
987 822 1153 873 posset,
1182 815 1357 858 transiit
1379 830 1401 858 e
1429 813 1525 859 loco

153 909 252 946 suo,
278 901 409 952 atque
443 892 486 935 in
513 908 562 935 ea
587 901 710 953 parte
744 891 964 947 consedit,
987 909 1083 953 quae
1111 904 1311 954 suspecta
1343 896 1527 939 maxime

152 981 257 1018 erat.

218 1054 379 1098 XLIV.
420 1053 653 1115 Spectandi
669 1053 1018 1098 conFusissimum
1041 1071 1089 1098 ac
1104 1053 1418 1099 solutissimum
1436 1073 1527 1100 mo-

156 1148 245 1175 rem
296 1134 482 1177 correxit
523 1134 847 1195 ordinavitque,
895 1145 1038 1179 motus
1086 1135 1244 1195 injuria
1292 1138 1500 1180 senatoris
1517 1171 1527 1191 ,

155 1229 286 1273 quem
302 1213 495 1259 Puteolis
520 1232 597 1275 per
618 1214 919 1259 celeberrimos
940 1215 1067 1259 ludos
1090 1233 1292 1260 consessu
1311 1216 1526 1277 frequenti

159 1309 286 1337 nemo
311 1305 541 1355 receperat.
577 1298 706 1339 Facto
730 1296 866 1357 igitur
898 1295 1071 1339 decreto
1094 1306 1290 1356 patrum,
1321 1306 1366 1339 ut
1383 1331 1393 1348 ,
1420 1314 1527 1357 quo-

160 1374 236 1417 ties
269 1374 373 1433 quid
412 1373 648 1434 spectaculi
687 1391 870 1434 usquam
904 1375 1076 1435 publice
1108 1375 1327 1432 ederetur,
1363 1378 1527 1436 primus

158 1452 462 1497 subselliorum
499 1453 607 1498 ordo
641 1464 813 1497 vacaret
854 1454 1155 1509 scnatoribus3
1183 1457 1330 1498 Romae
1365 1454 1529 1516 legatos

159 1532 393 1578 liberarum
437 1535 736 1594 sociarumque
784 1535 978 1596 gentium
1027 1535 1165 1578 vetuit
1211 1535 1253 1577 in
1301 1536 1524 1579 orchestra

161 1614 403 1670 considere,
425 1631 587 1675 quum,
605 1614 817 1675 quosdam
844 1616 973 1661 etiam
1001 1614 1190 1659 libertini
1216 1616 1383 1676 generis
1399 1617 1527 1668 mitti,

161 1695 521 1756 deprehendisset.
564 1695 748 1739 Militem
794 1697 974 1740 secrevit
1008 1713 1031 1739 a
1073 1695 1250 1757 populo.
1297 1697 1468 1740 Maritis
1503 1714 1525 1740 e

163 1775 285 1837 plebe
311 1776 508 1836 proprios
536 1776 708 1819 ordines
745 1777 981 1837 assignavit
1005 1793 1014 1819 :
1040 1777 1302 1837 praetextatis
1339 1793 1526 1820 cuneum

165 1865 369 1912 suum‚et
394 1857 641 1917 proximum
660 1855 906 1917 paedagogis
934 1873 942 1899 :
966 1857 1219 1915 sanxitque,
1246 1873 1298 1899 ne
1323 1857 1419 1916 quis
1439 1856 1531 1917 pul-

164 1933 352 1979 latorum
400 1935 539 1979 media
581 1952 710 1979 cavea
750 1936 929 1979 sederet.
969 1936 1158 1979 Feminis
1191 1953 1243 1979 ne
1272 1935 1530 1996 gladiatores

165 2015 360 2076 quidem,
387 2032 497 2076 quos
534 2015 776 2075 promiscue
811 2016 994 2075 spectari
1033 2013 1222 2057 solemne
1266 2014 1368 2058 olim
1416 2026 1530 2070 erat,

168 2096 322 2140 nisiex
354 2096 574 2156 superiore
605 2094 700 2139 loco
740 2105 934 2156 spectare
967 2096 1177 2139 concessit
1203 2094 1319 2138 solis.
1344 2096 1531 2156 Virgini-

167 2174 248 2218 bus
269 2174 502 2219 vestalibus
526 2174 668 2219 locum
685 2176 727 2218 in
743 2176 913 2218 theatro
929 2176 1180 2235 separatim,
1197 2185 1239 2218 et
1261 2184 1410 2218 contra
1428 2192 1532 2236 prae-

168 2257 274 2299 toris
311 2255 503 2298 tribunal
536 2255 666 2298 dedit.
706 2255 980 2299 Athletarum
1020 2272 1121 2298 vero
1156 2253 1404 2315 spectaculo
1439 2272 1531 2298 mn-

170 2335 303 2379 liebre
345 2350 465 2378 secus
500 2350 649 2376 omnes
684 2333 791 2376 adeo
828 2335 1086 2390 summovit,
1126 2344 1175 2377 ut
1210 2333 1527 2394 pontificalibus

171 2413 284 2458 ludis
318 2412 515 2475 pugilum
559 2430 635 2473 par
679 2411 943 2473 postulatum
980 2412 1196 2456 distulerit
1232 2414 1275 2456 in
1314 2414 1530 2473 sequentis

172 2493 258 2537 diei
294 2495 554 2537 matutinum
596 2502 791 2553 tempus,
827 2492 1117 2551 edixeritque,
1151 2491 1391 2536 «Mulieres
1431 2502 1530 2534 ante

174 2574 322 2617 horam
349 2574 543 2634 quintam
570 2573 714 2615 venire
740 2574 781 2615 in
810 2572 1051 2627 theatrum,
1075 2588 1159 2614 non
1193 2571 1375 2631 placere.
1396 2593 1413 2610 ι)

237 2656 372 2698 XLV.
409 2655 505 2713 Ipse
537 2653 747 2697 circenses
781 2669 829 2695 ex
857 2653 1093 2694 amicorum
1134 2651 1219 2694 fere
1257 2650 1531 2695 libertorum-
