1971 3342
425 244 494 280 190
952 230 990 263 c.
1017 227 1246 263 sUETonn
1288 251 1291 254 ⁴

423 315 553 358 rianae
581 312 779 357 cohortes
803 320 953 355 contra
977 327 1141 354 morem
1165 310 1287 371 signa
1307 308 1515 370 jumentis
1537 308 1779 368 imponere,

423 405 465 438 et
491 395 550 438 ita
575 392 778 453 subsequi
815 393 1100 452 cogerentur3
1128 389 1346 433 interdum
1379 387 1488 432 adeo
1518 389 1705 449 segniter
1736 398 1779 432 et

425 473 622 530 delicate,
642 483 690 517 ut
708 472 950 532 octophoro
974 470 1216 525 veheretur,
1240 479 1369 529 atque
1389 485 1413 512 a
1434 467 1781 529 propinquarum

427 554 599 598 urbium
623 552 748 614 plebe
768 551 880 595 verri
906 549 987 593 sibi
1011 549 1100 593 vias
1121 557 1163 593 et
1185 549 1413 610 conspergi
1436 557 1616 609 propter
1636 546 1784 608 pulve-

423 651 514 678 rem
541 634 741 694 exigeret.

486 715 644 758 XLIV.
667 714 904 770 Postquam
931 717 1071 753 castra
1095 708 1260 768 attigit,
1283 716 1331 751 ut
1360 724 1404 751 se
1432 723 1576 751 acrem
1604 717 1648 751 et
1668 724 1784 752 seve-

425 810 522 838 rum
561 792 715 836 ducem
747 788 1023 843 ostenderet,
1050 787 1242 849 legatOS,
1274 788 1350 847 qui
1379 785 1539 831 auxilia
1568 788 1706 831 serius
1733 804 1785 831 ex

426 873 605 917 diversis
638 871 742 915 locis
775 869 1068 920 adduxerant,
1103 885 1202 911 cum
1239 868 1476 928 ignominia
1513 867 1691 911 dimisit.
1727 869 1786 912 At

428 954 471 997 in
498 952 690 997 exercitu
716 949 1003 1005 recensendo,
1028 947 1245 1010 plerisque
1274 947 1579 992 centurionum
1604 948 1786 991 maturis

420 1034 538 1093 jam,
569 1041 610 1076 et
639 1029 861 1075 nonnullis
891 1039 989 1073 ante
1012 1029 1319 1088 paucissimos,
1348 1043 1477 1087 quam
1509 1043 1786 1071 consumma-

426 1113 511 1156 turi
537 1121 704 1165 essent,
729 1110 844 1164 dies,
870 1110 1033 1170 primos
1055 1107 1165 1168 pilos
1191 1107 1373 1162 ademit,
1397 1115 1595 1149 causatus
1619 1106 1787 1149 senium

429 1192 639 1252 cujusque
667 1200 710 1234 et
740 1187 1110 1233 imbecillitatem:
1146 1196 1390 1229 ceterorum
1424 1185 1634 1245 increpita
1664 1185 1787 1245 cupi-

424 1272 586 1325 ditate,
612 1268 840 1314 commoda
870 1270 1058 1312 emeritae
1082 1265 1246 1310 militiae
1273 1266 1326 1309 ad
1361 1282 1431 1309 sex
1460 1265 1644 1309 millium
1669 1281 1787 1308 sum-

426 1369 536 1395 mam
572 1350 761 1394 rescidit.
801 1349 924 1394 Nihil
958 1358 1102 1392 autem
1132 1345 1348 1407 amplius,
1389 1363 1520 1406 quam
1541 1344 1787 1399 Adminio,

425 1430 702 1492 Cynobellini
725 1430 1036 1474 Britannorum
1053 1428 1164 1488 regis
1180 1426 1290 1479 filio,
1313 1427 1407 1485 qui,
1430 1424 1579 1486 pulsus
1602 1442 1625 1469 a
1643 1436 1786 1485 patre,

425 1527 524 1554 cum
551 1512 707 1571 exigua
733 1526 866 1552 manu
895 1508 1207 1567 transfugerat,
1232 1507 1275 1549 in
1299 1506 1563 1549 deditionem
1586 1515 1784 1565 recept03

425 1591 548 1651 quasi
573 1591 774 1634 universa
792 1589 949 1633 tradita
970 1587 1130 1643 insula,
1151 1585 1398 1647 magnificas
1413 1588 1596 1629 Romam
1618 1584 1784 1628 litteras

426 1671 569 1727 misit,
602 1669 778 1713 monitis
822 1667 1193 1728 speculatoribus,
1230 1676 1277 1709 ut
1314 1663 1515 1708 vehiculo
1553 1663 1605 1707 ad
1641 1663 1785 1707 forum

426 1767 560 1810 usque
586 1759 629 1793 et
657 1750 822 1793 curiam
847 1746 1176 1808 pertenderent,
1206 1761 1286 1787 nee
1320 1745 1401 1787 nisi
1428 1744 1471 1786 in
1499 1743 1588 1786 aede
1609 1743 1786 1798 Martis,

426 1846 474 1874 ac
501 1830 725 1890 frequente
751 1837 927 1881 senatU,
955 1824 1204 1870 consulibus
1231 1823 1461 1867 traderent.

487 1911 625 1954 XLV.
647 1911 772 1965 Mox,
795 1907 1021 1951 deficiente
1042 1904 1143 1949 belli
1170 1905 1368 1959 materia,
1392 1919 1553 1963 paucos
1575 1902 1627 1945 de
1644 1911 1789 1945 custo·

430 1989 501 2033 dia
528 1990 773 2033 Germanos
802 1988 971 2048 trajici,
997 1985 1226 2044 occulique
1257 1994 1375 2027 trans
1403 1983 1606 2026 Rhenum
1631 1981 1788 2041 jussit,

425 2087 474 2113 ac
507 2070 586 2112 sibi
621 2079 719 2129 post
755 2067 988 2127 prandium
1026 2081 1153 2124 quam
1195 2062 1606 2117 tumultuosissime,
1643 2060 1790 2105 adesse

426 2149 620 2203 hostem,
652 2147 863 2190 nunciari.
888 2148 989 2202 Quo
1016 2144 1157 2200 facto,
1188 2143 1406 2203 proripuit
1432 2158 1475 2185 se
1505 2158 1604 2185 cum
1641 2141 1790 2184 amicis

425 2238 467 2272 et
491 2237 612 2288 parte
641 2228 838 2287 equitum
874 2225 1239 2286 praetorianorum
1268 2224 1310 2266 in
1338 2223 1579 2283 proximam
1610 2221 1788 2275 silvam;

426 2308 721 2367 truncatisque
745 2305 972 2349 arboribus
989 2339 1000 2352 ,
1028 2314 1071 2348 et
1096 2305 1138 2347 in
1169 2303 1348 2347 modum
1374 2313 1636 2363 tropaeorum
1661 2301 1788 2345 ador-

428 2388 563 2444 natis,
591 2386 645 2430 ad
675 2386 839 2430 lumina
870 2401 1092 2438 reversus,
1126 2399 1278 2427 eorum
1310 2382 1514 2442 quidem,
1547 2382 1621 2441 qui
1652 2382 1787 2424 secuti

427 2484 514 2511 non
539 2476 704 2522 essent,
735 2465 1010 2510 timiditatem
1035 2473 1076 2506 et
1102 2463 1319 2524 ignaviam
1346 2462 1582 2522 corripuit3
1610 2460 1787 2504 comites

427 2556 573 2591 autem
607 2556 648 2590 et
678 2545 909 2606 participes
947 2543 1162 2597 victoriae,
1204 2558 1317 2585 novo
1345 2558 1502 2602 genere
1535 2556 1584 2584 ac
1614 2539 1789 2582 nomine

430 2641 690 2669 coronarum
719 2624 921 2678 donavit,
942 2639 1072 2681 quaS,
1097 2621 1317 2665 distinctas
1346 2620 1446 2664 solis
1472 2636 1520 2662 ac
1544 2618 1655 2662 lunae
1676 2618 1786 2662 side-
