<?xml version="1.0" encoding="UTF-8"?>
<!DOCTYPE html PUBLIC "-//W3C//DTD XHTML 1.0 Transitional//EN"
    "http://www.w3.org/TR/xhtml1/DTD/xhtml1-transitional.dtd">
<html xmlns="http://www.w3.org/1999/xhtml" xml:lang="en" lang="en">
 <head>
  <title>
</title>
<meta http-equiv="Content-Type" content="text/html;charset=utf-8" />
  <meta name='ocr-system' content='tesseract 3.04.00' />
  <meta name='ocr-capabilities' content='ocr_page ocr_carea ocr_par ocr_line ocrx_word'/>
</head>
<body>
  <div class='ocr_page' id='page_1' title='image "./operagro00suetuoft_0336.png"; bbox 0 0 1971 3342; ppageno 0'>
   <div class='ocr_carea' id='block_1_1' title="bbox 325 201 1721 2605">
    <p class='ocr_par' dir='ltr' id='par_1_1' title="bbox 326 201 1180 237">
     <span class='ocr_line' id='line_1_1' title="bbox 326 201 1180 237; baseline 0 -1"><span class='ocrx_word' id='word_1_1' title='bbox 326 201 372 236; x_wconf 73' lang='lat'>26</span> <span class='ocrx_word' id='word_1_2' title='bbox 662 205 665 208; x_wconf 82' lang='grc'><strong>’</strong></span> <span class='ocrx_word' id='word_1_3' title='bbox 873 202 911 236; x_wconf 92' lang='lat' dir='ltr'>C.</span> <span class='ocrx_word' id='word_1_4' title='bbox 944 201 1180 237; x_wconf 85' lang='lat' dir='ltr'><strong>SUETONII</strong></span> 
     </span>
    </p>

    <p class='ocr_par' dir='ltr' id='par_1_2' title="bbox 325 284 1721 2605">
     <span class='ocr_line' id='line_1_2' title="bbox 325 284 1710 346; baseline 0.001 -18"><span class='ocrx_word' id='word_1_5' title='bbox 325 284 476 346; x_wconf 83' lang='lat' dir='ltr'><strong>stirpis</strong></span> <span class='ocrx_word' id='word_1_6' title='bbox 514 284 707 345; x_wconf 85' lang='lat' dir='ltr'>antiquae</span> <span class='ocrx_word' id='word_1_7' title='bbox 728 318 739 340; x_wconf 94' lang='lat'>,</span> <span class='ocrx_word' id='word_1_8' title='bbox 783 285 874 328; x_wconf 87' lang='lat' dir='ltr'>sive</span> <span class='ocrx_word' id='word_1_9' title='bbox 902 284 1120 345; x_wconf 89' lang='lat' dir='ltr'>pudendis</span> <span class='ocrx_word' id='word_1_10' title='bbox 1147 285 1402 346; x_wconf 87' lang='lat' dir='ltr'>parentibus</span> <span class='ocrx_word' id='word_1_11' title='bbox 1435 295 1565 346; x_wconf 87' lang='lat' dir='ltr'>atque</span> <span class='ocrx_word' id='word_1_12' title='bbox 1589 286 1681 329; x_wconf 88' lang='lat' dir='ltr'>avis</span> <span class='ocrx_word' id='word_1_13' title='bbox 1699 320 1710 342; x_wconf 91' lang='lat'>,</span> 
     </span>
     <span class='ocr_line' id='line_1_3' title="bbox 328 366 1709 427; baseline 0 -18"><span class='ocrx_word' id='word_1_14' title='bbox 328 382 460 426; x_wconf 81' lang='lat' dir='ltr'>eques</span> <span class='ocrx_word' id='word_1_15' title='bbox 498 375 616 409; x_wconf 90' lang='lat' dir='ltr'>certe</span> <span class='ocrx_word' id='word_1_16' title='bbox 655 381 896 421; x_wconf 86' lang='lat' dir='ltr'>romanus,</span> <span class='ocrx_word' id='word_1_17' title='bbox 934 375 976 410; x_wconf 89' lang='lat' dir='ltr'>et</span> <span class='ocrx_word' id='word_1_18' title='bbox 1014 382 1161 410; x_wconf 89' lang='lat' dir='ltr'>rerum</span> <span class='ocrx_word' id='word_1_19' title='bbox 1192 366 1379 427; x_wconf 84' lang='lat' dir='ltr'>Augusti</span> <span class='ocrx_word' id='word_1_20' title='bbox 1421 375 1709 427; x_wconf 84' lang='lat' dir='ltr'>procurator,</span> 
     </span>
     <span class='ocr_line' id='line_1_4' title="bbox 326 445 1713 508; baseline 0.001 -20"><span class='ocrx_word' id='word_1_21' title='bbox 326 456 519 506; x_wconf 86' lang='lat' dir='ltr'>quatuor</span> <span class='ocrx_word' id='word_1_22' title='bbox 543 445 656 490; x_wconf 91' lang='lat' dir='ltr'>filios</span> <span class='ocrx_word' id='word_1_23' title='bbox 678 445 955 507; x_wconf 78' lang='lat' dir='ltr'>amplissimae</span> <span class='ocrx_word' id='word_1_24' title='bbox 979 446 1207 508; x_wconf 83' lang='lat' dir='ltr'>dignitatis</span> <span class='ocrx_word' id='word_1_25' title='bbox 1228 451 1533 508; x_wconf 84' lang='lat' dir='ltr'><strong>cognomines,</strong></span> <span class='ocrx_word' id='word_1_26' title='bbox 1554 463 1604 491; x_wconf 88' lang='lat' dir='ltr'>ac</span> <span class='ocrx_word' id='word_1_27' title='bbox 1620 456 1713 490; x_wconf 83' lang='lat' dir='ltr'>tan-</span> 
     </span>
     <span class='ocr_line' id='line_1_5' title="bbox 330 526 1711 589; baseline 0 -19"><span class='ocrx_word' id='word_1_28' title='bbox 330 537 422 571; x_wconf 89' lang='lat' dir='ltr'>tum</span> <span class='ocrx_word' id='word_1_29' title='bbox 450 527 796 589; x_wconf 82' lang='lat' dir='ltr'>praenominibus</span> <span class='ocrx_word' id='word_1_30' title='bbox 823 526 1078 583; x_wconf 89' lang='lat' dir='ltr'>distinctos,</span> <span class='ocrx_word' id='word_1_31' title='bbox 1110 526 1312 588; x_wconf 85' lang='lat' dir='ltr'>reliquit,</span> <span class='ocrx_word' id='word_1_32' title='bbox 1352 526 1533 583; x_wconf 88' lang='lat' dir='ltr'>Aulum,</span> <span class='ocrx_word' id='word_1_33' title='bbox 1564 528 1711 585; x_wconf 79' lang='lat' dir='ltr'>Quin-</span> 
     </span>
     <span class='ocr_line' id='line_1_6' title="bbox 328 606 1714 668; baseline 0 -17"><span class='ocrx_word' id='word_1_34' title='bbox 328 617 445 664; x_wconf 90' lang='lat' dir='ltr'>tum,</span> <span class='ocrx_word' id='word_1_35' title='bbox 466 606 695 663; x_wconf 83' lang='lat' dir='ltr'>Publium,</span> <span class='ocrx_word' id='word_1_36' title='bbox 721 608 924 652; x_wconf 90' lang='lat' dir='ltr'>Lucium.</span> <span class='ocrx_word' id='word_1_37' title='bbox 948 606 1088 652; x_wconf 86' lang='lat' dir='ltr'>Aulus</span> <span class='ocrx_word' id='word_1_38' title='bbox 1108 608 1152 651; x_wconf 90' lang='lat' dir='ltr'>in</span> <span class='ocrx_word' id='word_1_39' title='bbox 1175 606 1407 652; x_wconf 84' lang='lat' dir='ltr'>consulatu</span> <span class='ocrx_word' id='word_1_40' title='bbox 1432 607 1561 665; x_wconf 90' lang='lat' dir='ltr'>obiit,</span> <span class='ocrx_word' id='word_1_41' title='bbox 1584 624 1714 668; x_wconf 91' lang='lat' dir='ltr'>quem</span> 
     </span>
     <span class='ocr_line' id='line_1_7' title="bbox 328 688 1713 750; baseline 0 -18"><span class='ocrx_word' id='word_1_42' title='bbox 328 704 428 732; x_wconf 89' lang='lat' dir='ltr'>cum</span> <span class='ocrx_word' id='word_1_43' title='bbox 457 689 679 745; x_wconf 89' lang='lat' dir='ltr'>Domitio,</span> <span class='ocrx_word' id='word_1_44' title='bbox 706 689 897 733; x_wconf 90' lang='lat' dir='ltr'>Neronis</span> <span class='ocrx_word' id='word_1_45' title='bbox 920 689 1104 734; x_wconf 87' lang='lat' dir='ltr'>Caesaris</span> <span class='ocrx_word' id='word_1_46' title='bbox 1131 699 1278 750; x_wconf 84' lang='lat' dir='ltr'>patre,</span> <span class='ocrx_word' id='word_1_47' title='bbox 1307 690 1464 733; x_wconf 86' lang='lat' dir='ltr'>inierat</span> <span class='ocrx_word' id='word_1_48' title='bbox 1487 706 1495 733; x_wconf 92' lang='lat'>:</span> <span class='ocrx_word' id='word_1_49' title='bbox 1525 688 1713 750; x_wconf 84' lang='lat' dir='ltr'>praelau-</span> 
     </span>
     <span class='ocr_line' id='line_1_8' title="bbox 329 768 1716 831; baseline -0.001 -18"><span class='ocrx_word' id='word_1_50' title='bbox 329 779 399 814; x_wconf 90' lang='lat' dir='ltr'>tus</span> <span class='ocrx_word' id='word_1_51' title='bbox 433 768 625 831; x_wconf 82' lang='lat' dir='ltr'>alioqui,</span> <span class='ocrx_word' id='word_1_52' title='bbox 654 768 934 831; x_wconf 85' lang='lat' dir='ltr'>famosusque</span> <span class='ocrx_word' id='word_1_53' title='bbox 954 786 1180 814; x_wconf 89' lang='lat' dir='ltr'>coenarum</span> <span class='ocrx_word' id='word_1_54' title='bbox 1204 769 1548 831; x_wconf 83' lang='lat' dir='ltr'>magnificentia.</span> <span class='ocrx_word' id='word_1_55' title='bbox 1572 770 1716 828; x_wconf 86' lang='lat' dir='ltr'>Quin-</span> 
     </span>
     <span class='ocr_line' id='line_1_9' title="bbox 329 850 1716 912; baseline -0.001 -18"><span class='ocrx_word' id='word_1_56' title='bbox 329 861 398 894; x_wconf 89' lang='lat' dir='ltr'>tus</span> <span class='ocrx_word' id='word_1_57' title='bbox 427 851 570 895; x_wconf 88' lang='lat' dir='ltr'>caruit</span> <span class='ocrx_word' id='word_1_58' title='bbox 595 850 774 909; x_wconf 80' lang='lat' dir='ltr'>ordine,</span> <span class='ocrx_word' id='word_1_59' title='bbox 805 867 942 912; x_wconf 90' lang='lat' dir='ltr'>quum</span> <span class='ocrx_word' id='word_1_60' title='bbox 973 861 1155 895; x_wconf 88' lang='lat' dir='ltr'>auctore</span> <span class='ocrx_word' id='word_1_61' title='bbox 1177 851 1355 895; x_wconf 88' lang='lat' dir='ltr'>Tiberio</span> <span class='ocrx_word' id='word_1_62' title='bbox 1379 851 1546 894; x_wconf 82' lang='lat' dir='ltr'>secerni</span> <span class='ocrx_word' id='word_1_63' title='bbox 1572 850 1716 894; x_wconf 85' lang='lat' dir='ltr'>minus</span> 
     </span>
     <span class='ocr_line' id='line_1_10' title="bbox 331 929 1716 992; baseline 0 -19"><span class='ocrx_word' id='word_1_64' title='bbox 331 929 512 975; x_wconf 89' lang='lat' dir='ltr'>idoneos</span> <span class='ocrx_word' id='word_1_65' title='bbox 538 940 763 976; x_wconf 79' lang='lat' dir='ltr'>senatores</span> <span class='ocrx_word' id='word_1_66' title='bbox 784 933 1086 992; x_wconf 88' lang='lat' dir='ltr'>removerique</span> <span class='ocrx_word' id='word_1_67' title='bbox 1110 930 1354 992; x_wconf 85' lang='lat' dir='ltr'>placuisset.</span> <span class='ocrx_word' id='word_1_68' title='bbox 1375 929 1579 986; x_wconf 76' lang='lat' dir='ltr'>Publius,</span> <span class='ocrx_word' id='word_1_69' title='bbox 1601 931 1716 975; x_wconf 86' lang='lat' dir='ltr'>Ger-</span> 
     </span>
     <span class='ocr_line' id='line_1_11' title="bbox 328 1010 1716 1068; baseline 0 -15"><span class='ocrx_word' id='word_1_70' title='bbox 328 1010 487 1055; x_wconf 87' lang='lat' dir='ltr'>manici</span> <span class='ocrx_word' id='word_1_71' title='bbox 504 1026 671 1068; x_wconf 90' lang='lat' dir='ltr'>comes,</span> <span class='ocrx_word' id='word_1_72' title='bbox 695 1013 777 1056; x_wconf 88' lang='lat' dir='ltr'>Cn.</span> <span class='ocrx_word' id='word_1_73' title='bbox 800 1012 1005 1056; x_wconf 88' lang='lat' dir='ltr'>Pisonem</span> <span class='ocrx_word' id='word_1_74' title='bbox 1025 1046 1036 1068; x_wconf 88' lang='lat'>,</span> <span class='ocrx_word' id='word_1_75' title='bbox 1061 1012 1288 1056; x_wconf 90' lang='lat' dir='ltr'>inimicum</span> <span class='ocrx_word' id='word_1_76' title='bbox 1318 1022 1360 1055; x_wconf 87' lang='lat' dir='ltr'>et</span> <span class='ocrx_word' id='word_1_77' title='bbox 1389 1010 1716 1054; x_wconf 77' lang='lat' dir='ltr'>interfectorem</span> 
     </span>
     <span class='ocr_line' id='line_1_12' title="bbox 326 1091 1716 1153; baseline -0.001 -18"><span class='ocrx_word' id='word_1_78' title='bbox 326 1092 442 1152; x_wconf 90' lang='lat' dir='ltr'>ejus,</span> <span class='ocrx_word' id='word_1_79' title='bbox 475 1093 699 1136; x_wconf 89' lang='lat' dir='ltr'>accusavit</span> <span class='ocrx_word' id='word_1_80' title='bbox 732 1092 1129 1153; x_wconf 86' lang='lat' dir='ltr'>condemnavitque</span> <span class='ocrx_word' id='word_1_81' title='bbox 1159 1109 1168 1136; x_wconf 73' lang='grc' dir='ltr'><strong><em>ε</em></strong></span> <span class='ocrx_word' id='word_1_82' title='bbox 1202 1108 1252 1136; x_wconf 90' lang='lat' dir='ltr'>ac</span> <span class='ocrx_word' id='word_1_83' title='bbox 1276 1101 1375 1153; x_wconf 89' lang='lat' dir='ltr'>post</span> <span class='ocrx_word' id='word_1_84' title='bbox 1408 1101 1610 1152; x_wconf 79' lang='lat' dir='ltr'>praeturae</span> <span class='ocrx_word' id='word_1_85' title='bbox 1634 1091 1716 1134; x_wconf 88' lang='lat' dir='ltr'>ho-</span> 
     </span>
     <span class='ocr_line' id='line_1_13' title="bbox 327 1171 1718 1235; baseline 0 -20"><span class='ocrx_word' id='word_1_86' title='bbox 327 1188 477 1216; x_wconf 86' lang='lat' dir='ltr'>norem</span> <span class='ocrx_word' id='word_1_87' title='bbox 514 1173 630 1217; x_wconf 88' lang='lat' dir='ltr'>inter</span> <span class='ocrx_word' id='word_1_88' title='bbox 668 1174 815 1234; x_wconf 79' lang='lat' dir='ltr'>Sejani</span> <span class='ocrx_word' id='word_1_89' title='bbox 851 1175 1049 1218; x_wconf 90' lang='lat' dir='ltr'>conscios</span> <span class='ocrx_word' id='word_1_90' title='bbox 1074 1183 1299 1235; x_wconf 89' lang='lat' dir='ltr'>arreptus,</span> <span class='ocrx_word' id='word_1_91' title='bbox 1325 1182 1368 1217; x_wconf 90' lang='lat' dir='ltr'>et</span> <span class='ocrx_word' id='word_1_92' title='bbox 1400 1173 1444 1216; x_wconf 93' lang='lat' dir='ltr'>in</span> <span class='ocrx_word' id='word_1_93' title='bbox 1473 1171 1718 1216; x_wconf 88' lang='lat' dir='ltr'>custodiam</span> 
     </span>
     <span class='ocr_line' id='line_1_14' title="bbox 326 1252 1718 1315; baseline 0 -19"><span class='ocrx_word' id='word_1_94' title='bbox 326 1252 452 1297; x_wconf 88' lang='lat' dir='ltr'>fratri</span> <span class='ocrx_word' id='word_1_95' title='bbox 477 1253 626 1311; x_wconf 89' lang='lat' dir='ltr'>datus,</span> <span class='ocrx_word' id='word_1_96' title='bbox 648 1253 821 1315; x_wconf 88' lang='lat' dir='ltr'>scalpro</span> <span class='ocrx_word' id='word_1_97' title='bbox 841 1253 1023 1298; x_wconf 89' lang='lat' dir='ltr'>librario</span> <span class='ocrx_word' id='word_1_98' title='bbox 1047 1270 1179 1299; x_wconf 88' lang='lat' dir='ltr'>venas</span> <span class='ocrx_word' id='word_1_99' title='bbox 1209 1254 1289 1297; x_wconf 90' lang='lat' dir='ltr'>sibi</span> <span class='ocrx_word' id='word_1_100' title='bbox 1320 1252 1475 1297; x_wconf 75' lang='lat' dir='ltr'>incidit</span> <span class='ocrx_word' id='word_1_101' title='bbox 1496 1272 1507 1296; x_wconf 87' lang='lat'>:</span> <span class='ocrx_word' id='word_1_102' title='bbox 1528 1268 1610 1297; x_wconf 92' lang='lat' dir='ltr'>nec</span> <span class='ocrx_word' id='word_1_103' title='bbox 1630 1262 1718 1296; x_wconf 87' lang='lat' dir='ltr'>tam</span> 
     </span>
     <span class='ocr_line' id='line_1_15' title="bbox 331 1332 1719 1396; baseline -0.001 -19"><span class='ocrx_word' id='word_1_104' title='bbox 331 1335 481 1378; x_wconf 89' lang='lat' dir='ltr'>mortis</span> <span class='ocrx_word' id='word_1_105' title='bbox 501 1335 778 1395; x_wconf 88' lang='lat' dir='ltr'>poenitentia,</span> <span class='ocrx_word' id='word_1_106' title='bbox 799 1351 934 1396; x_wconf 89' lang='lat' dir='ltr'>quam</span> <span class='ocrx_word' id='word_1_107' title='bbox 970 1352 1153 1379; x_wconf 85' lang='lat' dir='ltr'>suorum</span> <span class='ocrx_word' id='word_1_108' title='bbox 1184 1334 1499 1389; x_wconf 90' lang='lat' dir='ltr'>obtestatione,</span> <span class='ocrx_word' id='word_1_109' title='bbox 1533 1332 1719 1394; x_wconf 86' lang='lat' dir='ltr'>obligari</span> 
     </span>
     <span class='ocr_line' id='line_1_16' title="bbox 330 1413 1716 1476; baseline -0.001 -18"><span class='ocrx_word' id='word_1_110' title='bbox 330 1414 565 1475; x_wconf 82' lang='lat' dir='ltr'>curarique</span> <span class='ocrx_word' id='word_1_111' title='bbox 600 1431 644 1459; x_wconf 85' lang='lat' dir='ltr'>se</span> <span class='ocrx_word' id='word_1_112' title='bbox 673 1431 855 1476; x_wconf 84' lang='lat' dir='ltr'>passus,</span> <span class='ocrx_word' id='word_1_113' title='bbox 888 1417 932 1460; x_wconf 93' lang='lat' dir='ltr'>in</span> <span class='ocrx_word' id='word_1_114' title='bbox 970 1415 1122 1460; x_wconf 85' lang='lat' dir='ltr'>eadem</span> <span class='ocrx_word' id='word_1_115' title='bbox 1154 1414 1353 1459; x_wconf 89' lang='lat' dir='ltr'>custodia</span> <span class='ocrx_word' id='word_1_116' title='bbox 1389 1415 1544 1458; x_wconf 88' lang='lat' dir='ltr'>morbo</span> <span class='ocrx_word' id='word_1_117' title='bbox 1570 1413 1716 1475; x_wconf 88' lang='lat' dir='ltr'>periit.</span> 
     </span>
     <span class='ocr_line' id='line_1_17' title="bbox 326 1494 1719 1558; baseline 0 -20"><span class='ocrx_word' id='word_1_118' title='bbox 326 1495 491 1539; x_wconf 89' lang='lat' dir='ltr'>Lucius</span> <span class='ocrx_word' id='word_1_119' title='bbox 515 1511 568 1539; x_wconf 91' lang='lat' dir='ltr'>ex</span> <span class='ocrx_word' id='word_1_120' title='bbox 585 1494 818 1540; x_wconf 87' lang='lat' dir='ltr'>consulatu</span> <span class='ocrx_word' id='word_1_121' title='bbox 845 1497 980 1558; x_wconf 84' lang='lat' dir='ltr'>Syriae</span> <span class='ocrx_word' id='word_1_122' title='bbox 1002 1498 1287 1557; x_wconf 82' lang='lat' dir='ltr'>praepositus,</span> <span class='ocrx_word' id='word_1_123' title='bbox 1311 1495 1587 1539; x_wconf 86' lang='lat' dir='ltr'>Artabanum</span> <span class='ocrx_word' id='word_1_124' title='bbox 1614 1496 1719 1538; x_wconf 67' lang='lat' dir='ltr'>Par»</span> 
     </span>
     <span class='ocr_line' id='line_1_18' title="bbox 329 1574 1717 1637; baseline 0 -19"><span class='ocrx_word' id='word_1_125' title='bbox 329 1574 506 1619; x_wconf 82' lang='lat' dir='ltr'>thorum</span> <span class='ocrx_word' id='word_1_126' title='bbox 553 1592 699 1637; x_wconf 82' lang='lat' dir='ltr'>regem</span> <span class='ocrx_word' id='word_1_127' title='bbox 737 1578 920 1621; x_wconf 89' lang='lat' dir='ltr'>summis</span> <span class='ocrx_word' id='word_1_128' title='bbox 959 1577 1149 1631; x_wconf 86' lang='lat' dir='ltr'>artibus,</span> <span class='ocrx_word' id='word_1_129' title='bbox 1184 1593 1273 1620; x_wconf 88' lang='lat' dir='ltr'>non</span> <span class='ocrx_word' id='word_1_130' title='bbox 1317 1575 1450 1620; x_wconf 94' lang='lat' dir='ltr'>modo</span> <span class='ocrx_word' id='word_1_131' title='bbox 1488 1575 1543 1619; x_wconf 85' lang='lat' dir='ltr'>ad</span> <span class='ocrx_word' id='word_1_132' title='bbox 1581 1574 1717 1619; x_wconf 85' lang='lat' dir='ltr'>collo-</span> 
     </span>
     <span class='ocr_line' id='line_1_19' title="bbox 329 1655 1720 1717; baseline -0.001 -18"><span class='ocrx_word' id='word_1_133' title='bbox 329 1656 480 1716; x_wconf 87' lang='lat' dir='ltr'>quium</span> <span class='ocrx_word' id='word_1_134' title='bbox 507 1673 659 1714; x_wconf 87' lang='lat' dir='ltr'>suum,</span> <span class='ocrx_word' id='word_1_135' title='bbox 694 1657 769 1701; x_wconf 91' lang='lat' dir='ltr'>sed</span> <span class='ocrx_word' id='word_1_136' title='bbox 796 1658 927 1701; x_wconf 84' lang='lat' dir='ltr'>etiam</span> <span class='ocrx_word' id='word_1_137' title='bbox 966 1657 1020 1701; x_wconf 88' lang='lat' dir='ltr'>ad</span> <span class='ocrx_word' id='word_1_138' title='bbox 1065 1655 1315 1701; x_wconf 84' lang='lat' dir='ltr'>veneranda</span> <span class='ocrx_word' id='word_1_139' title='bbox 1341 1655 1566 1717; x_wconf 83' lang='lat' dir='ltr'>legionum</span> <span class='ocrx_word' id='word_1_140' title='bbox 1595 1657 1720 1716; x_wconf 85' lang='lat' dir='ltr'>signa</span> 
     </span>
     <span class='ocr_line' id='line_1_20' title="bbox 328 1734 1721 1799; baseline 0 -20"><span class='ocrx_word' id='word_1_141' title='bbox 328 1734 518 1796; x_wconf 82' lang='lat' dir='ltr'>pellexit.</span> <span class='ocrx_word' id='word_1_142' title='bbox 544 1739 652 1781; x_wconf 81' lang='lat' dir='ltr'>Mox</span> <span class='ocrx_word' id='word_1_143' title='bbox 676 1754 777 1781; x_wconf 89' lang='lat' dir='ltr'>cum</span> <span class='ocrx_word' id='word_1_144' title='bbox 804 1737 993 1783; x_wconf 89' lang='lat' dir='ltr'>Claudio</span> <span class='ocrx_word' id='word_1_145' title='bbox 1014 1739 1237 1799; x_wconf 74' lang='lat' dir='ltr'>principe,</span> <span class='ocrx_word' id='word_1_146' title='bbox 1264 1737 1373 1780; x_wconf 91' lang='lat' dir='ltr'>duos</span> <span class='ocrx_word' id='word_1_147' title='bbox 1396 1738 1578 1797; x_wconf 87' lang='lat' dir='ltr'>insuper</span> <span class='ocrx_word' id='word_1_148' title='bbox 1604 1736 1721 1780; x_wconf 86' lang='lat' dir='ltr'>ordi-</span> 
     </span>
     <span class='ocr_line' id='line_1_21' title="bbox 334 1817 1721 1879; baseline 0 -19"><span class='ocrx_word' id='word_1_149' title='bbox 334 1818 480 1861; x_wconf 88' lang='lat' dir='ltr'>narios</span> <span class='ocrx_word' id='word_1_150' title='bbox 517 1817 796 1874; x_wconf 86' lang='lat' dir='ltr'>consulatus,</span> <span class='ocrx_word' id='word_1_151' title='bbox 826 1835 1148 1879; x_wconf 90' lang='lat' dir='ltr'>censuramque</span> <span class='ocrx_word' id='word_1_152' title='bbox 1177 1819 1322 1879; x_wconf 84' lang='lat' dir='ltr'>gessit.</span> <span class='ocrx_word' id='word_1_153' title='bbox 1353 1819 1519 1862; x_wconf 87' lang='lat' dir='ltr'>Curam</span> <span class='ocrx_word' id='word_1_154' title='bbox 1545 1833 1721 1877; x_wconf 90' lang='lat' dir='ltr'>quoque</span> 
     </span>
     <span class='ocr_line' id='line_1_22' title="bbox 330 1898 1717 1960; baseline -0.001 -18"><span class='ocrx_word' id='word_1_155' title='bbox 330 1900 498 1960; x_wconf 88' lang='lat' dir='ltr'>imperii</span> <span class='ocrx_word' id='word_1_156' title='bbox 534 1900 764 1952; x_wconf 80' lang='lat' dir='ltr'>sustinuit,</span> <span class='ocrx_word' id='word_1_157' title='bbox 802 1900 980 1943; x_wconf 87' lang='lat' dir='ltr'>absente</span> <span class='ocrx_word' id='word_1_158' title='bbox 1016 1916 1094 1954; x_wconf 91' lang='lat' dir='ltr'>eo,</span> <span class='ocrx_word' id='word_1_159' title='bbox 1126 1898 1402 1960; x_wconf 86' lang='lat' dir='ltr'>expeditione</span> <span class='ocrx_word' id='word_1_160' title='bbox 1435 1899 1717 1943; x_wconf 87' lang='lat' dir='ltr'>britannica:</span> 
     </span>
     <span class='ocr_line' id='line_1_23' title="bbox 327 1979 1717 2040; baseline 0 -18"><span class='ocrx_word' id='word_1_161' title='bbox 327 1980 393 2022; x_wconf 87' lang='lat' dir='ltr'>vir</span> <span class='ocrx_word' id='word_1_162' title='bbox 416 1980 646 2036; x_wconf 88' lang='lat' dir='ltr'>innocens,</span> <span class='ocrx_word' id='word_1_163' title='bbox 685 1990 727 2023; x_wconf 91' lang='lat' dir='ltr'>et</span> <span class='ocrx_word' id='word_1_164' title='bbox 752 1979 1016 2035; x_wconf 86' lang='lat' dir='ltr'>industrius,</span> <span class='ocrx_word' id='word_1_165' title='bbox 1040 1979 1114 2024; x_wconf 89' lang='lat' dir='ltr'>sed</span> <span class='ocrx_word' id='word_1_166' title='bbox 1149 1996 1297 2024; x_wconf 88' lang='lat' dir='ltr'>amore</span> <span class='ocrx_word' id='word_1_167' title='bbox 1327 1979 1541 2023; x_wconf 81' lang='lat' dir='ltr'>libertinae</span> <span class='ocrx_word' id='word_1_168' title='bbox 1567 1979 1717 2040; x_wconf 90' lang='lat' dir='ltr'>perin-</span> 
     </span>
     <span class='ocr_line' id='line_1_24' title="bbox 328 2058 1718 2120; baseline 0.001 -18"><span class='ocrx_word' id='word_1_169' title='bbox 328 2058 479 2115; x_wconf 81' lang='lat' dir='ltr'>famis,</span> <span class='ocrx_word' id='word_1_170' title='bbox 521 2062 645 2120; x_wconf 84' lang='lat' dir='ltr'>cujus</span> <span class='ocrx_word' id='word_1_171' title='bbox 687 2061 820 2104; x_wconf 87' lang='lat' dir='ltr'>etiam</span> <span class='ocrx_word' id='word_1_172' title='bbox 860 2059 1006 2104; x_wconf 87' lang='lat' dir='ltr'>salivis</span> <span class='ocrx_word' id='word_1_173' title='bbox 1045 2058 1173 2103; x_wconf 88' lang='lat' dir='ltr'>melle</span> <span class='ocrx_word' id='word_1_174' title='bbox 1213 2061 1481 2116; x_wconf 81' lang='lat' dir='ltr'>commixtis,</span> <span class='ocrx_word' id='word_1_175' title='bbox 1516 2076 1570 2103; x_wconf 88' lang='lat' dir='ltr'>ne</span> <span class='ocrx_word' id='word_1_176' title='bbox 1607 2058 1718 2104; x_wconf 83' lang='lat' dir='ltr'>clam</span> 
     </span>
     <span class='ocr_line' id='line_1_25' title="bbox 327 2139 1716 2202; baseline 0.001 -20"><span class='ocrx_word' id='word_1_177' title='bbox 327 2139 504 2199; x_wconf 87' lang='lat' dir='ltr'>quidem</span> <span class='ocrx_word' id='word_1_178' title='bbox 545 2150 621 2183; x_wconf 86' lang='lat' dir='ltr'>aut</span> <span class='ocrx_word' id='word_1_179' title='bbox 662 2157 783 2196; x_wconf 86' lang='lat' dir='ltr'>raro,</span> <span class='ocrx_word' id='word_1_180' title='bbox 831 2139 907 2184; x_wconf 90' lang='lat' dir='ltr'>sed</span> <span class='ocrx_word' id='word_1_181' title='bbox 951 2141 1149 2201; x_wconf 86' lang='lat' dir='ltr'>quotidie</span> <span class='ocrx_word' id='word_1_182' title='bbox 1178 2157 1227 2184; x_wconf 89' lang='lat' dir='ltr'>ac</span> <span class='ocrx_word' id='word_1_183' title='bbox 1254 2139 1428 2202; x_wconf 89' lang='lat' dir='ltr'>palam,</span> <span class='ocrx_word' id='word_1_184' title='bbox 1467 2141 1648 2185; x_wconf 86' lang='lat' dir='ltr'>arterias</span> <span class='ocrx_word' id='word_1_185' title='bbox 1674 2151 1716 2184; x_wconf 90' lang='lat' dir='ltr'>et</span> 
     </span>
     <span class='ocr_line' id='line_1_26' title="bbox 329 2220 1715 2280; baseline 0.001 -17"><span class='ocrx_word' id='word_1_186' title='bbox 329 2220 472 2264; x_wconf 84' lang='lat' dir='ltr'>fauces</span> <span class='ocrx_word' id='word_1_187' title='bbox 497 2237 578 2280; x_wconf 86' lang='lat' dir='ltr'>pro</span> <span class='ocrx_word' id='word_1_188' title='bbox 604 2220 796 2265; x_wconf 89' lang='lat' dir='ltr'>remedio</span> <span class='ocrx_word' id='word_1_189' title='bbox 822 2221 1010 2266; x_wconf 84' lang='lat' dir='ltr'>fovebat.</span> <span class='ocrx_word' id='word_1_190' title='bbox 1038 2222 1161 2266; x_wconf 92' lang='lat' dir='ltr'>Idem</span> <span class='ocrx_word' id='word_1_191' title='bbox 1188 2223 1287 2265; x_wconf 89' lang='lat' dir='ltr'>miri</span> <span class='ocrx_word' id='word_1_192' title='bbox 1327 2223 1370 2265; x_wconf 88' lang='lat' dir='ltr'>in</span> <span class='ocrx_word' id='word_1_193' title='bbox 1401 2220 1622 2265; x_wconf 88' lang='lat' dir='ltr'>adulando</span> <span class='ocrx_word' id='word_1_194' title='bbox 1648 2222 1715 2265; x_wconf 91' lang='lat' dir='ltr'>in-</span> 
     </span>
     <span class='ocr_line' id='line_1_27' title="bbox 329 2302 1717 2362; baseline 0.001 -18"><span class='ocrx_word' id='word_1_195' title='bbox 329 2302 469 2362; x_wconf 80' lang='lat' dir='ltr'>genii,</span> <span class='ocrx_word' id='word_1_196' title='bbox 504 2302 671 2362; x_wconf 86' lang='lat' dir='ltr'>primus</span> <span class='ocrx_word' id='word_1_197' title='bbox 710 2304 758 2346; x_wconf 92' lang='lat' dir='ltr'>C.</span> <span class='ocrx_word' id='word_1_198' title='bbox 785 2304 1001 2348; x_wconf 80' lang='lat' dir='ltr'>Caesarem</span> <span class='ocrx_word' id='word_1_199' title='bbox 1040 2302 1224 2347; x_wconf 89' lang='lat' dir='ltr'>adorare</span> <span class='ocrx_word' id='word_1_200' title='bbox 1254 2312 1303 2347; x_wconf 90' lang='lat' dir='ltr'>ut</span> <span class='ocrx_word' id='word_1_201' title='bbox 1330 2302 1461 2347; x_wconf 90' lang='lat' dir='ltr'>deum</span> <span class='ocrx_word' id='word_1_202' title='bbox 1491 2303 1717 2359; x_wconf 89' lang='lat' dir='ltr'>instituit;</span> 
     </span>
     <span class='ocr_line' id='line_1_28' title="bbox 330 2383 1715 2444; baseline 0 -19"><span class='ocrx_word' id='word_1_203' title='bbox 330 2399 468 2442; x_wconf 86' lang='lat' dir='ltr'>quum</span> <span class='ocrx_word' id='word_1_204' title='bbox 507 2399 707 2426; x_wconf 87' lang='lat' dir='ltr'>reversus</span> <span class='ocrx_word' id='word_1_205' title='bbox 735 2400 786 2427; x_wconf 88' lang='lat' dir='ltr'>ex</span> <span class='ocrx_word' id='word_1_206' title='bbox 813 2384 938 2444; x_wconf 86' lang='lat' dir='ltr'>Syria</span> <span class='ocrx_word' id='word_1_207' title='bbox 972 2401 1061 2428; x_wconf 90' lang='lat' dir='ltr'>non</span> <span class='ocrx_word' id='word_1_208' title='bbox 1098 2383 1226 2428; x_wconf 88' lang='lat' dir='ltr'>aliter</span> <span class='ocrx_word' id='word_1_209' title='bbox 1253 2384 1374 2428; x_wconf 87' lang='lat' dir='ltr'>adire</span> <span class='ocrx_word' id='word_1_210' title='bbox 1402 2400 1534 2427; x_wconf 88' lang='lat' dir='ltr'>ausus</span> <span class='ocrx_word' id='word_1_211' title='bbox 1568 2391 1681 2426; x_wconf 91' lang='lat' dir='ltr'>esset</span> <span class='ocrx_word' id='word_1_212' title='bbox 1704 2416 1715 2438; x_wconf 87' lang='lat'>,</span> 
     </span>
     <span class='ocr_line' id='line_1_29' title="bbox 329 2462 1714 2525; baseline 0.001 -20"><span class='ocrx_word' id='word_1_213' title='bbox 329 2480 460 2523; x_wconf 82' lang='lat' dir='ltr'>quam</span> <span class='ocrx_word' id='word_1_214' title='bbox 493 2464 636 2524; x_wconf 82' lang='lat' dir='ltr'>capite</span> <span class='ocrx_word' id='word_1_215' title='bbox 674 2463 837 2519; x_wconf 89' lang='lat' dir='ltr'>velato,</span> <span class='ocrx_word' id='word_1_216' title='bbox 871 2465 1305 2525; x_wconf 88' lang='lat' dir='ltr'>circumvertensque</span> <span class='ocrx_word' id='word_1_217' title='bbox 1331 2481 1397 2520; x_wconf 87' lang='lat' dir='ltr'>se,</span> <span class='ocrx_word' id='word_1_218' title='bbox 1427 2462 1586 2508; x_wconf 91' lang='lat' dir='ltr'>deinde</span> <span class='ocrx_word' id='word_1_219' title='bbox 1613 2479 1714 2523; x_wconf 89' lang='lat' dir='ltr'>pro-</span> 
     </span>
     <span class='ocr_line' id='line_1_30' title="bbox 331 2543 1711 2605; baseline 0 -19"><span class='ocrx_word' id='word_1_220' title='bbox 331 2543 554 2588; x_wconf 76' lang='lat' dir='ltr'>cumbens.</span> <span class='ocrx_word' id='word_1_221' title='bbox 581 2544 816 2589; x_wconf 87' lang='lat' dir='ltr'>Claudium</span> <span class='ocrx_word' id='word_1_222' title='bbox 833 2580 844 2601; x_wconf 93' lang='lat'>,</span> <span class='ocrx_word' id='word_1_223' title='bbox 868 2545 1076 2589; x_wconf 85' lang='lat' dir='ltr'>uxoribus</span> <span class='ocrx_word' id='word_1_224' title='bbox 1103 2544 1360 2605; x_wconf 81' lang='lat' dir='ltr'>libertisque</span> <span class='ocrx_word' id='word_1_225' title='bbox 1387 2544 1635 2598; x_wconf 86' lang='lat' dir='ltr'>addictum,</span> <span class='ocrx_word' id='word_1_226' title='bbox 1660 2560 1711 2586; x_wconf 85' lang='lat' dir='ltr'>nc</span> 
     </span>
    </p>
   </div>
   <div class='ocr_carea' id='block_1_2' title="bbox 332 2626 1710 2686">
    <p class='ocr_par' dir='ltr' id='par_1_3' title="bbox 332 2626 1710 2686">
     <span class='ocr_line' id='line_1_31' title="bbox 332 2626 1710 2686; baseline 0.001 -20"><span class='ocrx_word' id='word_1_227' title='bbox 332 2641 415 2684; x_wconf 83' lang='lat' dir='ltr'>qua</span> <span class='ocrx_word' id='word_1_228' title='bbox 448 2642 532 2668; x_wconf 87' lang='lat' dir='ltr'>non</span> <span class='ocrx_word' id='word_1_229' title='bbox 560 2636 652 2670; x_wconf 84' lang='lat' dir='ltr'>arte</span> <span class='ocrx_word' id='word_1_230' title='bbox 681 2626 993 2679; x_wconf 81' lang='lat' dir='ltr'>demereretur,</span> <span class='ocrx_word' id='word_1_231' title='bbox 1024 2643 1103 2686; x_wconf 87' lang='lat' dir='ltr'>pro</span> <span class='ocrx_word' id='word_1_232' title='bbox 1127 2628 1317 2669; x_wconf 84' lang='lat' dir='ltr'>maximo</span> <span class='ocrx_word' id='word_1_233' title='bbox 1346 2642 1527 2669; x_wconf 87' lang='lat' dir='ltr'>munere</span> <span class='ocrx_word' id='word_1_234' title='bbox 1549 2641 1571 2668; x_wconf 83' lang='lat' dir='ltr'>a</span> <span class='ocrx_word' id='word_1_235' title='bbox 1594 2626 1710 2668; x_wconf 86' lang='lat' dir='ltr'>Mes-</span> 
     </span>
    </p>
   </div>
  </div>
 </body>
</html>
