1971 3342
447 253 488 275 10
963 242 999 276 C.
1029 241 1256 276 SUETONII

445 324 1036 384 carentu1·.Antiquumetiam
1064 323 1212 367 retulit
1242 339 1430 377 morem,
1459 330 1505 364 ut
1533 337 1618 380 quo
1653 338 1799 364 mense

442 402 574 447 fasces
612 421 699 447 non
733 405 938 460 haberet,
975 421 1181 448 aecensus
1216 412 1316 447 ante
1348 419 1447 446 eum
1483 402 1590 459 iret,
1627 400 1800 445 lictores

443 498 554 541 pone
596 494 890 543 sequerentur.
935 486 1049 543 Lege
1089 493 1233 526 autem
1276 483 1458 543 Agraria
1497 480 1800 542 promulgata,

442 562 770 606 obnuntiantem
800 562 1005 624 collegam
1040 564 1169 606 armis
1199 562 1293 606 foro
1327 562 1506 624 expulit.
1533 564 1595 606 Ac
1625 571 1801 622 postero

442 640 510 684 die
543 643 586 684 in
619 652 768 686 senatu
802 653 1114 702 conquestum,
1143 659 1220 686 nec
1247 659 1466 703 quoquam
1496 652 1695 703 reperto,
1725 642 1800 701 qui

443 738 571 781 super
609 721 683 765 tali
719 724 1065 766 consternatione
1102 722 1284 779 referre,
1320 732 1392 766 aut
1427 738 1601 766 censere
1638 720 1802 781 aliquid

441 801 642 857 auderet,
669 801 811 862 qualia
836 801 971 846 multa
999 819 1109 862 saepe
1135 803 1179 845 in
1205 796 1436 845 levioribus
1467 801 1603 845 turbis
1629 801 1802 844 decreta

441 892 586 936 013111,
613 882 655 924 111
680 899 772 925 03111
795 883 936 943 coegit
960 883 1326 943 desperationem,
1354 891 1400 925 ut
1423 881 1563 942 quoad
1588 891 1802 941 potestate

442 962 601 1018 abiret,
623 962 752 1005 domo
775 962 945 1005 abditus
966 961 1074 1005 nihil
1092 961 1210 1005 aliud
1230 977 1359 1021 quam
1380 977 1457 1021 per
1475 960 1611 1004 edicta
1632 960 1802 1004 obnun-

442 1042 578 1085 tiaret.
611 1044 734 1086 Unus
764 1059 815 1085 ex
847 1059 897 1085 eo
929 1052 1121 1102 tempore
1154 1042 1297 1085 omnia
1331 1042 1374 1084 in
1403 1040 1646 1101 republica,
1675 1049 1719 1083 et
1747 1039 1800 1082 ad

440 1121 668 1164 arbitrium
693 1122 1036 1165 administravit:
1058 1132 1105 1165 ut
1129 1120 1327 1164 nonnulli
1353 1121 1642 1176 urbanorum,
1665 1135 1799 1178 quum

440 1200 545 1259 quid
576 1217 651 1260 per
681 1200 829 1259 jocum
860 1201 1043 1244 testandi
1075 1202 1208 1261 gratia
1241 1201 1486 1260 signarent,
1511 1215 1597 1242 non
1627 1200 1802 1242 Caesare

439 1290 483 1323 et
510 1280 663 1325 Bibulo
680 1317 691 1334 ,
721 1281 796 1324 sed
825 1281 935 1325 chlc'o
966 1291 1009 1325 et
1044 1282 1219 1326 Ccesare
1247 1279 1493 1324 consulibus
1523 1289 1666 1322 aetum
1700 1278 1801 1321 scri-

440 1361 614 1417 berent,
638 1362 703 1404 bis
729 1361 914 1404 eundem
938 1370 1238 1422 praeponentes
1254 1394 1265 1415 ,
1290 1361 1463 1403 nomine
1487 1369 1617 1419 atque
1642 1374 1800 1419 cogno-

441 1441 581 1483 mine:
608 1450 741 1500 utque
766 1440 896 1502 vulgo
920 1458 1019 1484 mox
1044 1441 1258 1485 ferrentur
1280 1441 1324 1484 hi
1350 1457 1494 1484 versus
1519 1456 1530 1483 z

492 1600 578 1634 Non
604 1600 739 1635 Bibulo
759 1601 958 1648 quidquam
980 1614 1111 1648 nuper,
1133 1601 1197 1636 sed
1221 1601 1360 1636 Caesare
1384 1600 1516 1635 sactum
1539 1608 1617 1638 est:

566 1663 658 1697 Nam
682 1663 814 1697 Bibulo
838 1662 917 1698 fieri
941 1665 1089 1698 consule
1112 1664 1164 1697 nil
1182 1664 1344 1699 memini.

440 1823 653 1881 Campum
679 1820 922 1876 Stellatem,
948 1820 1183 1879 majoribus
1207 1829 1506 1863 consecratum
1523 1854 1533 1874 ,
1558 1835 1798 1881 agrumque

440 1903 739 1961 Campanum,
773 1900 827 1943 ad
872 1901 1062 1943 subsidia
1102 1898 1348 1960 reipublicae
1386 1899 1641 1960 vectigalem
1680 1899 1801 1943 relic-

440 1990 556 2035 tum,
586 1981 730 2023 divisit
762 1990 883 2023 extra
921 1990 1081 2024 sortem
1117 1978 1171 2023 ad
1208 1980 1361 2039 viginti
1393 1978 1582 2023 millibus
1614 1979 1797 2034 civium,

439 2061 595 2119 quibus
624 2061 734 2103 terni
767 2060 967 2120 pluresve
997 2059 1121 2103 liberi
1154 2068 1308 2102 essent.
1339 2058 1622 2115 Publicanos,
1653 2059 1802 2102 remis-

441 2141 603 2182 sionem
633 2150 853 2199 petentes,
881 2141 1007 2182 tertia
1037 2139 1284 2183 mercedum
1314 2148 1436 2199 parte
1466 2138 1697 2195 relevavit,
1726 2155 1799 2194 ac,

441 2236 493 2262 ne
519 2221 561 2262 111
589 2218 799 2264 locatione
822 2237 1034 2264 novorum
1056 2219 1331 2280 vectigalium
1355 2218 1681 2263 immoderatius
1701 2217 1803 2261 liee-

441 2308 615 2354 rentur,
656 2299 879 2360 propalam
919 2301 1101 2343 monuit.
1146 2303 1299 2344 Cetera
1340 2300 1471 2355 item,
1510 2315 1605 2358 quae
1646 2299 1802 2358 cuique

441 2378 693 2435 libuissent,
731 2380 957 2441 dilargitus
990 2390 1078 2437 est,
1109 2379 1433 2423 contradicente
1470 2378 1616 2434 nullo,
1653 2394 1732 2435 ac,
1767 2379 1801 2421 si

439 2471 668 2504 conaretur
696 2462 816 2521 quis,
846 2462 1088 2505 absterrito.
1120 2462 1179 2503 Μ.
1212 2462 1423 2503 Catonem
1453 2458 1799 2519 interpellantem

439 2542 602 2583 extrahi
631 2542 750 2584 curia
777 2558 854 2601 per
880 2541 1077 2584 lictorem
1095 2575 1106 2593 ‚
1136 2540 1322 2597 ducique
1352 2540 1394 2582 in
1421 2555 1636 2583 carcerem
1656 2537 1798 2597 jussit.

441 2621 489 2662 L.
514 2621 695 2664 Lucullo
719 2621 895 2664 liberius
920 2619 1155 2672 resistenti,
1182 2628 1351 2662 tantum
1375 2618 1690 2662 calumniarum
1714 2633 1798 2659 me-
