1971 3342
405 248 477 285 130
1016 251 1167 286 NOTAE

456 328 568 361 Ratio
603 327 680 372 ejus
711 327 847 362 haberi.
877 329 919 362 H.
951 340 980 362 e.
1015 328 1052 362 in
1085 327 1372 363 candidatorum
1405 340 1603 363 numerum
1634 327 1783 375 recipi:

401 390 494 423 ratio
526 401 598 423 non
626 389 757 424 haberi
783 390 932 423 illorum
959 389 1173 433 dicebatur,
1198 389 1263 436 qui
1285 402 1304 423 a
1336 389 1572 438 magistratus
1602 389 1784 437 petitione

400 450 687 497 repellebantur.
702 450 799 495 Liv.,
821 462 901 495 vn,
918 462 963 485 22
985 464 991 485 :
1015 468 1028 481 α
1048 451 1147 495 Quin
1170 452 1280 486 ambo
1302 457 1380 485 tum
1401 450 1498 485 forte
1518 450 1666 497 patricii
1687 463 1782 486 con—

399 513 495 548 sules
514 520 636 558 erant,
658 513 723 561 qui
743 513 925 548 rationem
952 513 1031 558 ejus
1051 526 1087 547 se
1103 513 1300 548 habituros
1319 512 1519 561 negabant.
1536 528 1555 544 »

456 576 672 610 Solveretur.
692 574 848 610 Absenti
878 575 1113 609 consulatum
1132 582 1260 621 petere
1279 562 1434 609 vetitum
1454 581 1533 609 erat
1553 575 1645 622 lege.

455 637 767 672 Contradc'cerent.
789 636 882 680 Dio,
905 649 1040 670 xxxvn
1057 664 1065 680 ,
1088 637 1132 679 54
1161 651 1168 671 :
1198 647 1259 675 Τοῦ
1284 645 1437 681 Κάτωνος
1451 643 1502 675 ὅτε
1524 642 1669 687 μάλιστα
1699 643 1786 675 ἐναν-

399 706 570 742 τιωθέντες,

451 761 538 795 CAP.
560 762 668 796 XIX.
694 761 921 795 Consulatus.
943 762 1029 795 Vox
1050 761 1221 807 apposita
1243 761 1344 796 haud
1365 760 1490 796 dubie.

453 823 657 857 Lucceium.
678 823 734 857 De
755 834 834 869 quo
855 822 929 857 Cic.
951 823 1006 856 (ια’
1024 825 1097 856 Au.
1114 849 1124 864 ,
1151 835 1164 856 1
1178 851 1186 866 ,
1212 835 1269 868 17.

453 885 720 918 pronuntiaret.
745 884 789 919 H.
824 896 854 919 e.
887 885 1010 931 palam
1036 882 1286 930 promitteret.
1315 883 1389 919 Cic.
1421 885 1476 918 ml
1505 887 1607 926 Act„
1641 895 1677 928 1,
1710 893 1751 916 11
1778 894 1785 916 :

398 962 415 977 «
431 946 531 980 Novi
559 952 611 980 est
638 945 675 979 in
697 946 777 993 lege
804 946 898 990 hoc,
931 952 972 979 ut
993 944 1059 992 qui
1088 957 1263 980 nummos
1288 945 1326 979 in
1361 945 1481 981 tribus
1507 943 1786 992 pronuntiave-

398 1007 464 1051 rit,
485 1015 552 1041 etc.
570 1021 587 1037 »

455 1070 489 1102 E
508 1068 700 1115 republica
716 1068 814 1113 fieri.
838 1069 882 1102 H.
906 1080 935 1102 e.
958 1068 1087 1102 utilem
1108 1081 1195 1103 esse.
1219 1069 1294 1104 Cic.
1317 1069 1371 1102 acl
1393 1069 1520 1110 Brut„
1542 1080 1565 1101 v
1587 1079 1594 1101 :
1616 1083 1631 1098 «
1654 1066 1693 1103 Si
1723 1079 1788 1102 ar—

397 1129 536 1164 bitrare
558 1129 648 1164 utile
667 1141 765 1177 eque
785 1128 981 1176 republica
1000 1141 1089 1164 esse.
1112 1145 1129 1161 2>

449 1193 753 1226 Decernerentur.
774 1190 835 1226 Ad
846 1189 1067 1237 hujusmodi
1086 1191 1301 1238 provincias
1315 1203 1434 1238 quum
1452 1189 1565 1226 nullis
1579 1202 1676 1238 opus
1696 1195 1790 1225 esset

398 1254 533 1301 copiis,
561 1253 685 1289 minus
705 1260 786 1289 erat
809 1266 828 1288 a
849 1254 990 1289 Caesare
1010 1253 1267 1289 metuendum.

457 1316 783 1362 Confirmarentur.
814 1316 998 1351 Obstante
1026 1315 1233 1362 praesertim
1265 1317 1427 1351 Lucullo
1461 1327 1470 1351 ε
1502 1315 1563 1351 cui
1594 1316 1789 1351 Metellum

397 1378 587 1412 Creticum
607 1376 713 1412 addit
732 1376 916 1423 Velleius,
938 1390 989 1422 11,
1019 1382 1078 1420 40.

455 1441 669 1475 Gessemnt.
690 1442 733 1475 A.
755 1441 801 1477 U.
824 1439 911 1482 684.
934 1441 990 1474 De
1009 1438 1149 1475 horum
1170 1440 1357 1476 discordia
1377 1439 1464 1475 vide
1477 1441 1659 1486 Amin„
1679 1440 1719 1475 B.
1735 1439 1790 1485 C.‚

397 1515 427 1545 1,
448 1515 485 1549 p.
512 1501 699 1547 426-427.
1734 1490 1737 1492 v

449 1564 682 1598 Societatem.
705 1564 762 1598 De
784 1575 860 1610 qua
880 1564 1040 1608 Lucau„
1066 1576 1099 1608 1,
1123 1563 1171 1600 85
1193 1575 1201 1596 z

539 1680 774 1687 .........
795 1657 846 1685 Τυ
863 1665 955 1686 causa
972 1655 1127 1686 malorum
1138 1679 1145 1692 ‚

539 1713 631 1742 Facta
649 1710 748 1741 tribus
765 1710 902 1741 dominis
918 1711 1093 1741 communis
1108 1713 1218 1741 Roma.
1242 1735 1248 1741 .
1267 1735 1274 1741 .

450 1801 537 1836 CAP.
559 1801 650 1835 XX.
667 1800 956 1835 publicarentur.
978 1801 1078 1834 Dum
1091 1799 1315 1835 Suetonium
1329 1798 1469 1835 erroris
1482 1798 1651 1834 Graevius
1661 1798 1736 1834 hoc
1749 1798 1788 1834 in

396 1864 480 1897 loco
495 1860 637 1910 arguit,
658 1860 870 1896 audiendus
884 1861 936 1896 Cl.
950 1861 1045 1896 Hase
1059 1873 1066 1895 :
1082 1878 1096 1892 «
1112 1861 1335 1896 Memoriam
1348 1873 1477 1896 rerum
1495 1860 1648 1908 publice
1661 1868 1788 1911 gesta-

396 1921 665 1971 rum‚singulis
684 1922 791 1958 annis
805 1930 912 1958 antea
926 1922 1058 1958 litteris
1077 1923 1269 1959 mandavit
1281 1922 1455 1970 pontifex
1466 1922 1648 1958 maximus
1659 1951 1670 1969 ,
1683 1922 1788 1971 iique

398 1987 555 2020 annales
582 1985 748 2019 maximi
773 1992 859 2020 sunt
885 1985 1087 2032 appellati,
1106 1992 1149 2020 ut
1174 1985 1269 2020 adeo
1295 1985 1386 2021 actis
1415 1985 1560 2021 diurnis
1591 1997 1687 2033 opus
1706 1997 1785 2021 non

396 2054 500 2083 esset.
530 2047 616 2083 Haec
646 2047 838 2082 annalium
861 2046 1226 2087 conscribendorum
1251 2047 1349 2082 ratio
1377 2047 1561 2093 obtinuit,
1587 2060 1707 2096 usque
1739 2047 1787 2083 ad

396 2108 613 2156 pontificem
634 2110 672 2144 P.
694 2108 874 2153 Matium,
894 2108 930 2142 h.
953 2120 983 2143 e.
1005 2108 1054 2143 ad
1073 2108 1238 2143 medium
1263 2121 1385 2156 prope
1399 2109 1566 2144 seculum
1586 2109 1785 2156 septimum

395 2171 442 2205 ab
462 2172 508 2206 U.
531 2171 590 2216 C.,
610 2176 741 2216 postea
761 2169 916 2204 fortasse
943 2169 992 2204 ob
1015 2170 1145 2205 turbas
1169 2170 1391 2206 domesticas
1418 2170 1561 2207 omissa.
1587 2171 1680 2207 Ideo
1705 2172 1787 2207 Cae—

395 2244 454 2267 sar
482 2244 556 2266 cos.
584 2238 664 2266 acta
692 2230 829 2265 diurna
855 2230 1031 2275 instituit,
1057 2238 1144 2278 post
1167 2231 1249 2278 ejus
1271 2232 1508 2268 consulatum
1532 2240 1693 2280 propter
1713 2246 1787 2281 op—

398 2293 582 2329 iimatium
596 2293 774 2328 invidiam
797 2293 1004 2328 intermissa
1010 2322 1068 2328 .....
1092 2295 1138 2329 ab
1159 2294 1293 2329 eodem
1316 2296 1456 2330 Caesare
1477 2293 1613 2330 iterum
1633 2297 1786 2331 consule

396 2363 429 2390 et
452 2355 636 2391 dictatore
654 2362 786 2402 postea
806 2354 988 2390 restituta.
1014 2371 1026 2385 »

452 2417 533 2463 Quo
564 2429 700 2452 mense.
736 2417 900 2452 Alternis
925 2417 1115 2452 mensibus
1147 2417 1261 2453 fasces
1296 2419 1486 2454 habebant
1519 2432 1630 2465 coss.;
1657 2432 1782 2455 mense

395 2479 536 2527 priori,
559 2480 689 2515 consul
710 2486 816 2515 aetate
841 2480 980 2526 major;
1000 2480 1192 2526 sequenti,
1226 2481 1305 2526 ejus
1331 2482 1484 2531 collega.
1509 2482 1718 2527 Plutarch.,
1745 2482 1783 2517 in

397 2542 535 2576 PObllC-
552 2555 563 2575 -·
576 2544 599 2590 ᾧ
614 2553 669 2586 τῆς
679 2548 956 2593 ἡγεμονικωτέρας
965 2547 1170 2592 ἐξιστάμενος
1181 2549 1246 2581 ὄντι
1261 2547 1467 2594 πρεσὲυτέρῳ
1479 2548 1599 2589 τάξεως
1608 2546 1781 2594 παρέδωκε

396 2609 465 2645 τοὺς
490 2611 844 2653 καλουμένουςφάσκης,
870 2604 982 2647 Geli,
1005 2616 1042 2637 xi
1057 2632 1065 2648 ,
1093 2605 1134 2639 15
1160 2617 1166 2637 :
1188 2605 1345 2651 «Capite
1366 2605 1524 2652 septimo
1547 2605 1636 2653 legis
1654 2606 1782 2651 Juliae‚

395 2664 514 2710 priori
533 2678 577 2699 ex
601 2665 816 2700 consulibus
838 2665 950 2700 fasces
975 2666 1142 2701 sumendi
1170 2674 1334 2712 potestas
1355 2667 1449 2701 facta
1475 2674 1547 2711 est,
1570 2667 1634 2714 qui
1654 2668 1781 2714 plures
