1971 3342
346 235 394 272 88
895 235 932 270 C.
959 235 1194 272 SUETONII

343 319 579 381 multiplici
613 320 819 380 variaque
848 319 1049 364 doctrina
1079 319 1367 375 censebatur3
1397 319 1518 379 quod
1553 335 1655 363 sane
1680 336 1731 364 ex

345 401 675 445 commentariis
710 401 804 461 ejus
842 411 1050 462 apparet,
1087 416 1358 462 quamquam
1383 400 1634 461 paucissimi
1659 417 1732 444 ex-

344 491 460 525 stent
489 498 497 524 :
531 481 584 525 de
618 498 808 542 quorum
841 491 989 525 tamen
1026 482 1152 542 copia
1192 482 1251 525 sic
1279 479 1416 524 altera
1446 480 1501 524 ad
1531 480 1733 525 eumdem

345 564 555 606 Hermam
586 561 767 623 epistola
794 561 1015 623 significat
1041 579 1050 606 :
1085 582 1104 603 «
1131 561 1272 623 Hylen
1300 571 1497 606 nostram
1523 560 1617 606 aliis
1644 578 1735 606 me-

345 653 495 687 mento
516 642 828 687 commendare
851 659 859 686 :
884 659 1016 703 quam
1041 644 1182 686 omnis
1209 643 1379 704 generis
1400 643 1645 704 coegimus,
1669 643 1734 687 uti

346 724 454 781 scis,
475 725 753 786 octingentos
776 725 819 767 in
840 722 991 767 libros.
1011 743 1032 764 ›>
1055 722 1204 769 Coluit
1226 733 1377 785 postea
1400 722 1735 767 familiarissime

347 807 503 851 Caium
528 805 782 850 Sallustium
799 839 810 861 ,
833 814 876 849 et
900 821 952 849 eo
978 803 1185 848 defuncto
1200 840 1211 861 ,
1236 805 1435 850 Asinium
1459 803 1701 848 Pollionem
1723 821 1732 847 :

345 903 458 947 quos
479 886 708 930 historiam
736 901 1001 946 componere
1025 901 1274 946 aggressos,
1301 884 1489 929 alterum
1516 885 1734 929 breviario

346 983 493 1011 reruni
515 967 710 1010 omnium
732 982 1014 1009 romanarum
1030 1001 1040 1020 ,
1067 982 1120 1009 ex
1143 966 1326 1026 quibus,
1358 982 1465 1026 quas
1489 963 1639 1021 vellet,
1661 964 1734 1009 eli-

347 1057 486 1109 geret,
513 1048 742 1103 instruxit3
769 1046 956 1090 alterum
981 1047 1208 1108 praeceptis
1232 1046 1286 1089 de
1306 1047 1476 1090 ratione
1501 1045 1732 1089 scribendi.

347 1130 451 1186 Quo
474 1128 612 1188 magis
629 1127 787 1180 miror,
806 1127 1006 1171 Asinium
1026 1125 1268 1170 Pollionem
1285 1125 1535 1182 credidisse,
1553 1126 1734 1185 antiqua

347 1225 448 1252 eum
473 1208 608 1252 verba
637 1217 681 1251 et
709 1207 873 1268 figuras
908 1205 1086 1250 solitum
1125 1223 1217 1251 esse
1246 1205 1450 1268 colligere
1491 1204 1699 1251 Sallustio
1727 1223 1734 1249 :

346 1306 484 1350 quum
515 1289 597 1332 sibi
624 1289 731 1332 sciat
756 1287 817 1332 nil
847 1286 967 1331 aliud
994 1286 1205 1345 suadere,
1234 1303 1367 1348 quam
1394 1297 1443 1331 ut
1468 1297 1574 1331 noto
1599 1285 1737 1331 civili-

347 1386 434 1430 que
459 1379 502 1414 et
526 1370 708 1431 proprio
731 1385 930 1413 sermone
956 1378 1122 1424 utatur,
1146 1369 1339 1428 vitetque
1367 1369 1555 1412 maxime
1580 1367 1736 1411 obscu-

348 1452 522 1495 ritatem
551 1449 772 1506 Sallustii,
803 1459 845 1493 et
868 1447 1096 1493 audaciam
1124 1449 1166 1492 in
1192 1447 1569 1492 translationibus.

411 1533 487 1575 XI.
520 1530 725 1574 Valerius
752 1532 891 1586 Cato,
920 1540 968 1574 ut
993 1528 1196 1574 nonnulli
1226 1528 1524 1583 tradiderunt,
1550 1531 1735 1573 Burseni

347 1610 580 1671 cujusdam
608 1610 815 1666 libertus,
840 1627 891 1654 ex
920 1608 1065 1654 Gallia
1091 1627 1099 1652 :
1129 1610 1219 1670 ipse
1248 1608 1423 1665 libello,
1449 1610 1519 1653 cui
1545 1619 1609 1652 est
1635 1610 1737 1653 titu-

344 1689 413 1734 lus
436 1690 713 1751 Indignatio,
737 1691 977 1751 ingenuum
1002 1706 1046 1733 se
1074 1700 1225 1733 natum
1246 1691 1332 1745 ait,
1359 1699 1402 1734 et
1425 1688 1642 1750 pupillum
1670 1706 1736 1733 re-

344 1768 499 1814 lictum
518 1805 530 1825 ‚
556 1787 694 1831 eoque
724 1769 894 1814 facilius
922 1769 1096 1814 licentia
1121 1769 1289 1814 Sullani
1317 1770 1526 1830 temporis
1554 1778 1735 1813 exutum

345 1852 629 1911 patrimonio.
646 1851 814 1896 Docuit
838 1850 1017 1906 multos,
1042 1861 1084 1895 et
1105 1849 1271 1894 nobiles
1294 1867 1302 1894 :
1326 1851 1534 1911 visusque
1554 1861 1617 1894 est
1638 1867 1738 1911 per-

345 1931 531 1975 idoneus
563 1941 822 1993 praeceptor‚
860 1932 1047 1975 maxime
1080 1931 1134 1974 ad
1171 1932 1386 1992 poeticam
1429 1930 1736 1987 tendentibus,

345 2022 394 2056 ut
422 2012 598 2072 quidem
627 2028 838 2073 apparere
866 2011 935 2055 vel
962 2012 1029 2055 his
1051 2011 1278 2055 versiculis
1304 2020 1448 2073 potest
1474 2030 1483 2055 :

529 2156 623 2192 Cato
649 2155 930 2203 grammaticus,
952 2155 1068 2191 latina
1097 2155 1225 2200 Siren,

530 2218 604 2262 Qui
632 2219 731 2253 solus
750 2217 863 2265 legit,
889 2230 932 2254 ac
958 2217 1046 2253 facit
1067 2225 1211 2265 poetas.

345 2358 529 2418 Scripsit
557 2367 716 2418 praeter
747 2358 1056 2418 grammaticos
1077 2356 1245 2401 libellos
1270 2360 1399 2401 etiam
1426 2366 1654 2418 poemata,
1681 2373 1735 2400 ex

346 2438 505 2499 quibus
530 2439 746 2500 praecipue
766 2439 1012 2499 probantur
1041 2437 1183 2499 Lydia
1208 2448 1252 2481 et
1279 2438 1445 2482 Diana.
1471 2437 1633 2498 Lydc'ae
1657 2437 1733 2481 Ti-

348 2518 444 2562 cida
472 2519 671 2562 meminit
697 2536 705 2561 :

535 2664 659 2709 Lydia
685 2662 883 2698 doctorum
908 2662 1067 2697 maxima
1096 2674 1182 2697 cura
1209 2661 1320 2696 liber.
