1988 3439
741 267 1002 302 CALIGULA.
1488 267 1556 304 183

186 352 361 414 publia)
394 351 523 413 epulo
559 367 757 405 servum,
789 350 844 394 ob
875 348 1113 394 detractam
1149 350 1269 394 lectis
1305 363 1554 414 argenteam

187 433 414 489 laminam,
436 430 629 477 carnifici
652 429 881 474 confestim
904 429 1106 485 tradidit,
1122 439 1170 473 ut
1192 431 1394 475 manibus
1416 433 1552 478 absci—

186 515 242 558 sis
258 549 270 570 ,
294 523 425 574 atque
450 521 552 557 ante
579 521 727 572 pectus
751 527 774 555 e
803 510 918 555 collo
945 509 1258 572 pendentibus,
1283 513 1553 573 praecedente

187 592 343 648 titulo,
367 594 442 654 qui
468 608 642 637 causam
673 608 810 653 poenae
836 590 1075 648 indicaret,
1105 608 1184 652 per
1213 601 1350 636 coetus
1372 592 1552 653 epulan-

187 675 295 718 tium
333 671 746 717 circumduceretur.
791 671 1110 716 Mirmillonem
1146 688 1169 715 e
1205 670 1337 726 ludo,
1374 672 1555 716 rudibus

185 770 328 798 secum
351 753 623 808 batuentem‚
642 761 684 796 et
704 761 860 813 sponte
882 762 1149 813 prostratum
1164 788 1174 805 ,
1198 751 1395 796 confodit
1415 752 1555 797 ferrea

183 835 293 889 sica,
317 849 366 878 ac
391 848 511 877 more
533 834 750 877 victorum
776 849 874 876 cum
900 831 1040 893 palma
1066 833 1340 877 discucurrit.
1362 831 1552 878 Admota

182 913 391 958 altaribus
415 913 612 969 victima,
633 913 876 957 succinctus
901 929 1115 974 poparum
1136 912 1309 969 habitu,
1333 912 1448 958 elato
1473 913 1557 958 alte

183 992 340 1038 malleo
357 1029 369 1051 ,
393 992 651 1038 cultrarium
680 994 897 1037 mactavit.
922 994 1132 1037 Lautiore
1158 994 1361 1037 convivio
1387 993 1552 1039 effusus

181 1074 325 1118 subito
354 1074 396 1117 in
431 1073 694 1127 cachinnos,
729 1072 1010 1128 consulibus,
1045 1074 1118 1134 qui
1143 1074 1270 1134 juxta
1298 1074 1552 1129 cubabant,

183 1153 391 1213 quidnam
420 1153 605 1211 rideret,
631 1152 791 1198 blande
818 1154 1112 1214 quaerentibus
1135 1173 1142 1198 :
1169 1174 1188 1194 α
1213 1154 1358 1211 Quid,
1385 1156 1555 1215 inquit,

186 1235 266 1277 nisi
295 1250 384 1277 uno
417 1250 514 1278 meo
550 1243 659 1278 nutu
690 1232 878 1295 jugulari
911 1243 1145 1295 utrumque
1182 1245 1373 1278 vestrum
1405 1236 1550 1280 statim

183 1313 340 1374 posse?
364 1335 384 1355 ι)

246 1395 453 1438 ΧΧΧΙΙΙ.
477 1396 594 1438 Inter
616 1395 756 1438 varios
775 1395 915 1454 jocOS,
936 1412 1073 1455 quum
1098 1396 1300 1439 assistens
1323 1396 1556 1440 simulacro

182 1475 303 1518 Jovis
338 1473 535 1534 Apellem
572 1474 811 1536 tragoedum
842 1475 1156 1531 consuluisset,
1195 1486 1292 1519 uter
1324 1476 1385 1520 illi
1415 1478 1555 1537 major

182 1553 417 1610 videretur,
438 1564 716 1598 cunctantem
745 1554 926 1616 flagellis
955 1555 1148 1611 discidit,
1169 1555 1424 1600 collaudans
1450 1557 1553 1600 sub-

182 1634 280 1678 inde
304 1652 454 1679 vocem
481 1635 774 1697 deprecantis,
801 1636 923 1696 quasi
953 1637 1080 1680 etiam
1109 1637 1150 1680 in
1177 1637 1341 1698 gemitu
1368 1637 1554 1698 praedul-

180 1731 287 1759 cem.
311 1716 497 1772 Quoties
526 1717 678 1760 uxoris
706 1715 769 1759 vol
796 1715 994 1760 amiculae
1022 1715 1183 1760 collum
1212 1716 1553 1773 exoscularetur,

181 1794 393 1851 addebat,
418 1816 438 1837 α
458 1798 565 1839 Tam
598 1796 712 1840 bona
741 1797 885 1840 cervix
905 1833 914 1850 ‚
944 1797 1069 1840 simul
1106 1814 1154 1841 ac
1181 1798 1379 1857 jussero,
1406 1798 1554 1841 deme-

182 1884 312 1918 tetur.
340 1896 360 1917 ι)
392 1877 513 1934 Quin
549 1886 590 1919 et
625 1876 808 1920 subinde
839 1877 1067 1937 jactabat,
1103 1898 1122 1918 α
1154 1880 1473 1938 exquisiturum
1511 1896 1553 1922 se

183 1954 246 1998 vel
274 1954 461 2000 fidiculis
495 1957 548 2000 de
575 1959 774 2002 Caesonia
807 1974 911 2013 sua,
939 1974 1017 2001 cur
1049 1975 1143 2001 eam
1178 1968 1301 2002 tanto
1330 1975 1462 2019 opere
1492 1959 1556 2002 di-

182 2035 347 2097 ligeret.
373 2057 393 2077 »

242 2117 448 2161 XXXIV.
479 2119 568 2161 Nec
597 2120 763 2162 minore
784 2117 919 2162 livore
941 2136 991 2163 ac
1014 2120 1286 2181 malignitate
1302 2156 1312 2172 ,
1331 2137 1461 2180 quam
1488 2136 1556 2163 su-

180 2197 330 2257 perbia
360 2198 637 2258 saevitiaque,
669 2216 788 2259 paene
817 2200 1022 2243 adversus
1049 2202 1191 2244 omnis
1216 2202 1293 2244 aevi
1325 2201 1554 2244 hominum

182 2293 318 2338 genus
342 2289 561 2338 grassatus
588 2288 664 2321 cst.
691 2280 865 2323 Statuas
886 2281 1078 2324 virorum
1105 2280 1361 2336 illustrium,
1387 2281 1440 2323 ab
1469 2283 1555 2324 Au·

181 2368 308 2419 gusto
337 2374 387 2401 ex
412 2358 661 2418 Capitolina
690 2376 789 2402 area
817 2370 994 2420 propter
1020 2363 1243 2422 angustias
1273 2363 1314 2405 in
1342 2361 1553 2405 Martium

180 2454 382 2499 campum
404 2437 606 2490 collatas,
633 2440 688 2483 ita
710 2440 923 2483 subvertit
943 2451 1075 2500 atque
1100 2440 1265 2500 disjecit
1283 2476 1293 2495 ,
1314 2451 1358 2484 ut
1383 2440 1552 2483 restitui

181 2518 307 2562 salvis
327 2518 464 2563 titulis
489 2535 574 2563 non
598 2521 816 2581 potuerint
839 2538 846 2563 :
868 2523 1093 2580 vetuitque
1113 2521 1293 2581 posthac.
1314 2521 1554 2563 vix-entium

181 2599 382 2659 cuiquam
404 2613 584 2659 usquam
605 2610 790 2644 statuam
810 2610 884 2644 aut
908 2601 1160 2662 imaginem,
1185 2601 1262 2643 nisi
1290 2617 1332 2643 sc
1355 2598 1557 2643 consulto

183 2688 222 2721 ct
251 2689 450 2729 auctore,
474 2683 590 2741 poni.
611 2682 826 2743 Cogitavit
853 2683 981 2725 etiam
1008 2682 1060 2724 de
1087 2682 1262 2726 Homeri
1289 2680 1557 2725 carminibus
