1988 3439
743 286 988 321 Tnffinms.
1465 280 1532 326 157

163 388 259 432 quae
271 370 435 430 justam
451 370 690 415 excederet.
716 370 853 413 Latus
879 369 933 412 ab
948 367 1145 412 humeris
1166 375 1209 410 et
1230 376 1404 425 pectore
1430 383 1438 409 :
1464 382 1534 409 ce-

163 454 266 496 teris
295 468 469 513 quoque
493 450 697 496 membris
724 466 862 510 usque
892 448 947 492 ad
979 449 1089 492 imos
1123 445 1252 507 pedes
1290 445 1465 506 aequalis
1498 455 1540 489 et

164 548 434 594 congruens:
456 527 630 576 sinistra
654 546 789 574 manu
817 529 996 591 agiliore
1021 545 1070 572 ac
1094 525 1330 570 validiore:
1348 524 1540 569 articulis

165 613 222 656 ita
246 611 400 668 firmis,
430 620 480 656 ut
506 627 657 655 recens
678 620 722 655 et
744 611 968 672 integrum
995 606 1162 653 malum
1188 606 1325 667 digito
1350 606 1542 648 terebra-

165 702 257 748 ret3
285 701 416 754 caput
442 692 593 753 pueri,
615 691 684 736 vel
715 692 846 735 etiam
874 688 1186 744 adolescentis,
1220 685 1366 730 talitro
1391 683 1542 728 vulne-

165 782 292 816 raret.
318 770 479 817 Colore
495 782 590 816 erat
611 771 821 828 candido,
843 769 1001 832 capillo
1017 785 1132 830 pone
1155 766 1408 828 occipitium
1426 782 1543 809 sum-

165 853 382 908 missiore,
412 862 461 896 ut
487 853 700 897 cervicem
727 853 857 896 etiam
882 851 1135 911 obtegeret,
1164 846 1283 908 quod
1312 844 1472 908 gentile
1501 845 1545 888 in

166 931 241 976 illo
267 932 498 977 videbatur
525 951 534 976 :
565 932 672 977 faeie
701 932 885 977 honesta
909 949 919 975 ε
946 932 990 975 in
1028 946 1116 991 qua
1150 937 1297 972 tamen
1332 926 1471 971 crebri
1504 935 1547 969 et

165 1013 300 1057 subiti
324 1023 539 1069 tumores,
566 1030 666 1058 eum
693 1011 1024 1075 praegrandibus
1051 1009 1210 1066 oculis,
1240 1018 1285 1052 et
1309 1008 1404 1068 qui,
1429 1006 1549 1067 quod

165 1094 326 1138 mirum
348 1104 480 1150 esset,
503 1104 638 1139 noctu
662 1095 792 1138 etiam
818 1094 923 1137 etin
942 1091 1131 1136 tenebris
1156 1089 1372 1144 viderent,
1399 1087 1472 1131 sed
1495 1086 1549 1130 ad

167 1173 319 1230 breve,
340 1185 384 1219 et
401 1191 538 1235 quum
563 1175 755 1235 primum
771 1190 793 1218 a
813 1190 968 1217 somno
987 1173 1251 1233 patuissent3
1279 1168 1437 1212 deinde
1453 1184 1550 1211 rur-

169 1270 267 1297 sum
303 1254 609 1299 hebescebant.
639 1254 874 1299 Incedebat
906 1254 1072 1297 cervice
1103 1250 1244 1312 rigida
1277 1258 1318 1293 et
1351 1248 1550 1308 obstipa:

169 1335 359 1379 adducto
386 1335 474 1380 fere
498 1335 646 1391 vultu,
673 1334 932 1396 plerumque
956 1334 1115 1377 tacitus
1140 1349 1148 1375 :
1170 1329 1293 1375 nullo
1319 1339 1396 1374 aut
1420 1328 1553 1372 raris-

169 1415 280 1459 simo
316 1417 449 1460 etiam
482 1432 583 1459 cum
614 1416 826 1476 proximis
852 1429 1078 1469 sermone,
1110 1428 1248 1471 eoque
1283 1409 1551 1463 tardissimo,

171 1511 253 1539 nec
292 1496 386 1540 sine
417 1494 540 1540 molli
570 1495 762 1556 quadam
795 1494 1037 1556 digitorum
1065 1489 1412 1554 gesticulatione.
1443 1489 1554 1546 Quoe

171 1575 319 1620 omnia
341 1576 512 1638 ingrata
526 1611 538 1633 ‚
562 1585 695 1638 atque
712 1575 975 1636 arrogantiae
995 1571 1147 1635 plena,
1173 1580 1217 1615 et
1242 1567 1555 1614 animadvertit

172 1657 397 1718 Augustus
424 1657 468 1701 in
491 1673 568 1715 eo,
587 1667 631 1701 et
653 1672 862 1701 excusare
882 1654 1065 1700 tentavit
1084 1668 1195 1714 saepe
1212 1650 1330 1712 apud
1356 1658 1555 1694 senatum

173 1752 224 1780 ac
246 1736 481 1798 populum,
502 1737 745 1799 professus,
767 1756 787 1778 «
804 1744 973 1780 naturae
995 1734 1102 1778 vitia
1120 1748 1231 1789 esse,
1257 1747 1347 1775 non
1371 1729 1520 1776 animi.
1536 1748 1556 1769 >³

174 1816 440 1862 Valetudine
465 1818 761 1879 prosperrima
785 1833 888 1861 usus
909 1826 994 1872 est,
1017 1824 1216 1875 tempore
1235 1811 1414 1873 quidem
1438 1811 1559 1871 prin-

173 1896 344 1958 cipatus
368 1914 489 1959 paene
512 1907 605 1942 toto
623 1912 761 1959 prope
777 1895 933 1950 illaesa;
955 1894 1155 1955 quamvis
1171 1909 1196 1937 a
1218 1892 1440 1936 tricesimo
1460 1900 1561 1934 aeta-

174 1977 230 2021 tis
250 1993 367 2022 anno
390 1978 605 2022 arbitratu
628 1994 722 2022 eam
745 1993 825 2022 suo
848 1976 1035 2032 rexerit,
1062 1975 1154 2019 sine
1178 1972 1434 2034 adjumento
1457 1987 1561 2015 con·

169 2056 324 2102 siliove
350 2059 637 2103 medicorum.

240 2139 400 2181 LXIX.
437 2139 566 2182 Circa
591 2138 694 2183 deos
723 2155 772 2182 ac
799 2137 1032 2199 religiones
1058 2134 1374 2197 negligentior3
1398 2132 1561 2193 quippe

177 2216 376 2261 addictus
407 2218 751 2273 mathematicae‚
781 2217 1025 2279 plenusque
1053 2215 1370 2278 persuasionis,
1402 2221 1561 2257 cuncta

177 2297 267 2341 fato
297 2298 379 2359 agi.
408 2299 622 2342 Tonitrua
653 2308 798 2342 tamen
828 2308 985 2359 praeter
1016 2297 1198 2341 modum
1226 2293 1561 2356 expavescebat:

178 2388 220 2422 ct
249 2378 491 2421 turbatiore
517 2377 626 2422 coelo
652 2395 878 2438 nunquam
908 2395 996 2421 non
1026 2393 1237 2421 eoronam
1267 2375 1461 2419 lauream
1492 2389 1563 2416 ca-

179 2459 267 2519 pite
310 2459 523 2520 gestavit,
569 2458 686 2519 quod
730 2458 911 2502 fulmine
949 2457 1086 2501 afflari
1125 2466 1310 2518 negetur
1346 2453 1390 2499 id
1427 2470 1563 2515 genus

181 2538 359 2582 frondis.

246 2620 384 2662 LXX.
425 2611 548 2662 Artes
571 2618 772 2663 liberales
798 2621 1028 2678 utriusque
1055 2617 1224 2678 generis
1253 2614 1565 2659 studiosissime

182 2696 331 2742 coluit.
356 2700 406 2742 In
446 2700 642 2743 oratione
670 2698 805 2743 latina
837 2708 1012 2742 secutus
1042 2707 1105 2740 cst
1131 2697 1373 2741 Corvinum
1401 2696 1565 2739 Messa-
