1988 3407
671 278 1024 314 vESPAslANus'.
1498 275 1544 318 49

215 370 362 412 XVII.
402 369 448 410 ln
488 381 618 409 omne
659 364 888 407 hominum
917 378 1056 423 genus
1091 360 1449 414 liberalissimus,
1478 376 1551 403 ex-

159 449 293 512 plevit
319 464 497 493 censum
526 454 780 490 senatorum
810 461 818 487 :
844 441 1100 487 consulares
1128 443 1282 503 inopes
1314 443 1549 503 quingenis

154 531 366 576 sestertiis
390 527 549 572 annuis
567 525 828 570 sustentavit
852 542 860 567 :
885 523 1097 585 plurimas
1124 539 1205 585 per
1231 532 1372 567 totum
1397 524 1548 567 orbem

153 613 378 667 civitates,
413 620 538 653 terrae
561 616 682 652 motu
714 615 791 649 aut
815 604 1020 649 incendio
1049 604 1257 659 afflictas,
1282 604 1477 648 restituit
1507 606 1550 647 in

150 692 319 737 melius.

218 774 384 817 XVIII.
414 772 594 833 Ingenia
630 780 670 815 et
703 779 820 814 artes
846 768 914 813 vel
947 770 1137 813 maxime
1162 767 1271 812 fovit
1297 785 1305 811 :
1337 768 1506 830 primus
1532 786 1554 812 e

152 854 258 898 fisco
287 851 434 897 latinis
464 853 705 913 graecisque
727 851 981 895 rhetoribus
1005 867 1154 894 annua
1180 859 1367 893 centena
1395 851 1556 893 consti-

151 935 234 979 tuit
258 951 267 978 ε
297 943 554 995 praestantes
584 943 764 995 poetas,
794 949 874 977 nec
904 949 992 976 non
1017 942 1059 975 et
1087 930 1308 987 artifices,
1337 934 1440 975 Coae
1464 933 1553 975 Vo-

151 1015 295 1072 neris,
316 1015 418 1059 item
441 1013 611 1059 Colossi
635 1014 916 1069 refectorem,
940 1013 1102 1074 insigni
1127 1012 1354 1074 congiario
1380 1029 1557 1073 magna·

151 1112 237 1156 que
265 1094 466 1140 mercede
494 1094 679 1139 donavit
702 1112 710 1138 ε
739 1095 997 1139 mechanico
1020 1110 1227 1155 quoque,
1257 1092 1447 1154 grandes
1477 1110 1553 1137 co-

151 1176 324 1221 lumnas
374 1178 531 1239 exigua
579 1177 779 1237 impensa
821 1175 1146 1237 perducturum
1189 1175 1233 1218 in
1280 1174 1552 1235 Capitolium

152 1256 399 1319 pollicenti,
427 1258 657 1319 praemium
683 1274 763 1317 pro
785 1266 1037 1301 commento
1063 1273 1151 1299 non
1179 1254 1401 1299 mediocre
1426 1255 1558 1299 obtu-

153 1338 223 1395 lit;
251 1355 431 1401 operam
460 1339 648 1394 remisit,
672 1338 899 1399 praefatus,
929 1358 949 1379 «
970 1338 1170 1392 Sineret‚
1202 1353 1246 1381 se
1275 1335 1552 1398 plebeculam

152 1436 344 1480 pascere.
368 1441 388 1461 »

218 1503 341 1545 XIX.
369 1501 506 1546 Ludis
523 1538 532 1554 ‚
557 1519 635 1563 per
658 1519 768 1562 quos
794 1518 922 1545 scena
950 1499 1227 1545 Marcelliani
1256 1500 1414 1544 theatri
1437 1501 1558 1543 resti-

156 1591 249 1626 tuta
271 1581 578 1639 dedicabatur,
604 1593 750 1627 vetera
773 1598 953 1643 quoque
979 1591 1233 1626 acroamata
1256 1591 1553 1625 revocaverat.

155 1663 400 1726 Apollinari
436 1664 634 1725 tragoedo
665 1663 1016 1726 quadringenta,
1053 1665 1233 1724 Terpno
1267 1662 1558 1722 Diodoroque
1598 1652 1601 1656 ”

155 1745 410 1790 citharoedis
427 1745 623 1802 ducena,
647 1744 875 1790 nonnullis
892 1755 1100 1800 centena,
1119 1744 1283 1805 quibus
1300 1744 1557 1800 minimum,

154 1825 439 1887 quadragena
466 1826 663 1870 sestertia
693 1843 824 1888 super
848 1825 1061 1887 plurimas
1088 1842 1274 1869 coronas
1300 1841 1458 1869 aureas
1483 1823 1558 1868 ‹le-

155 1906 234 1950 dit.
265 1906 350 1951 Sed
375 1917 417 1950 et
436 1906 757 1950 convivabatur
783 1906 956 1950 assidue
974 1941 984 1961 ,
1012 1924 1063 1950 ac
1084 1908 1242 1967 saepius
1273 1916 1392 1950 recta
1419 1916 1461 1949 et
1486 1906 1559 1949 ‹la-

155 1986 290 2048 psile,
310 1997 354 2031 ut
376 1986 648 2032 macellarios
671 1986 915 2048 adjuvaret.
942 1986 1088 2031 Dabat
1107 1988 1220 2030 sicut
1243 1985 1556 2030 Saturnalibus

159 2070 260 2113 viris
297 2069 569 2131 apophoreta
589 2106 599 2125 ,
635 2071 690 2114 ita
722 2087 799 2131 per
835 2068 1044 2113 kalendas
1072 2070 1248 2113 martias
1280 2069 1454 2113 feminis
1481 2087 1489 2112 :
1520 2080 1561 2112 rt

159 2161 305 2196 tamen
333 2168 385 2195 ue
412 2153 473 2196 sic
493 2152 671 2212 quidem
696 2153 893 2213 pristinae
913 2151 1172 2213 cupiditatis
1196 2151 1378 2196 infamia
1402 2153 1558 2196 caruit.

158 2231 444 2277 Alexandrini
493 2233 794 2294 Cybiosaclen
823 2250 923 2277 eum
953 2250 1111 2277 vocare
1137 2243 1561 2294 perseveraverunt,

157 2314 423 2375 cognomine
446 2314 577 2358 unius
604 2332 626 2358 e
648 2315 826 2375 regibus
847 2315 936 2357 suis
966 2315 1320 2374 turpissimarum
1346 2314 1562 2359 sordium.

161 2393 244 2437 Sed
261 2403 302 2437 et
323 2395 365 2437 in
385 2394 536 2438 sunere
558 2397 702 2439 Favor
726 2395 1015 2438 archimimus
1034 2411 1266 2455 personam
1282 2395 1375 2456 ejus
1396 2396 1538 2438 ferens
1552 2431 1563 2449 ‚

164 2475 429 2534 imitansque
447 2511 457 2531 ,
487 2485 532 2518 ut
563 2486 626 2520 est
653 2492 766 2531 mos,
790 2475 900 2519 sacta
917 2492 967 2518 ac
995 2475 1112 2518 dicta
1142 2476 1256 2532 vivi,
1282 2477 1564 2537 interrogatis

164 2554 307 2615 palam
338 2556 729 2616 procuratoribus,
756 2557 943 2617 «quanti
973 2557 1106 2600 sunus
1135 2566 1174 2599 et
1202 2573 1362 2617 pompa
1392 2568 1566 2600 consta-

164 2636 255 2679 ret?
271 2657 290 2677 ι)
315 2647 359 2680 ut
375 2637 535 2692 audiit,
557 2639 793 2681 «sestertio
809 2639 1016 2692 centies,»
1032 2637 1295 2682 exclamavit
1313 2656 1321 2682 :
1341 2641 1562 2682 «Centum

167 2717 247 2760 sibi
275 2720 474 2761 sestertia
504 2719 683 2773 darent,
709 2737 758 2762 ac
778 2737 821 2762 st·
846 2719 909 2762 vel
937 2721 978 2762 in
1000 2720 1193 2762 Tiberini
1214 2720 1494 2780 projicerent.
1520 2742 1538 2761 υ

358 2816 402 2843 ιι.
1339 2805 1362 2856 Δ]
