1988 3439
618 250 864 285 OCTAVIUS
885 250 1151 287 AUGUSTUS.
1499 268 1542 291 10
1553 270 1564 291 1

200 329 411 372 rationem
437 330 635 374 medendi
660 333 899 375 necessario
920 333 1071 390 subiit,
1093 335 1195 394 quia
1217 335 1355 380 calida
1378 337 1571 384 fomenta

201 424 287 451 non
313 410 566 470 proderant,
596 410 762 472 frigidis
787 414 929 456 curari
956 424 1150 471 coactus,
1179 426 1356 460 auctore
1378 422 1571 465 Antonio

198 489 337 532 Musa.
365 489 590 547 Quasdam
618 500 660 534 et
688 493 1027 550 anniversarias,
1053 511 1102 538 ac
1131 505 1326 556 tempore
1357 509 1474 543 certo
1504 518 1570 544 rc-

199 577 444 626 currentes,
462 571 767 629 experiebatur
785 589 794 615 :
815 589 914 616 nam
933 574 1011 618 sub
1031 574 1219 618 natalem
1239 592 1365 620 suum
1383 577 1570 638 plerum-

197 663 281 706 que
313 646 565 709 languebat,
589 660 631 694 et
664 652 790 696 initio
826 654 939 698 veris
970 654 1312 715 praecordiorum
1347 657 1570 703 inflatione

198 728 473 786 tentabatur,
515 731 722 776 austrinis
760 743 907 778 autem
950 737 1279 796 tempestatibus
1320 738 1566 799 gravedine.

196 807 346 864 Quare
381 819 585 869 quassato
620 827 831 873 corpore,
865 831 1006 875 neque
1038 816 1229 878 frigora,
1265 834 1406 879 neque
1440 829 1569 864 aestus

195 887 317 932 facile
343 888 568 935 tolerabat.

259 970 479 1014 LXXXII.
517 972 670 1017 Hieme
698 977 921 1035 quaternis
949 994 1048 1021 cum
1076 979 1228 1040 pingui
1260 988 1359 1041 toga
1386 982 1567 1039 tunicis,

194 1057 235 1091 et
252 1048 464 1094 subucula
483 1061 525 1096 et
544 1053 722 1098 thorace
740 1054 885 1114 laneo,
906 1067 948 1101 et
968 1057 1264 1117 feminalibus,
1283 1071 1325 1105 et
1345 1060 1566 1106 tibialibus

194 1129 473 1174 muniebatur
494 1150 502 1174 :
527 1143 691 1190 aestate,
713 1138 872 1196 apertis
892 1137 1079 1182 cubiculi
1102 1139 1287 1197 foribus,
1312 1158 1362 1185 ac
1387 1158 1498 1202 saepe
1521 1144 1565 1185 in

195 1209 416 1270 peristylio
445 1211 622 1257 saliente
651 1231 787 1275 aqua,
815 1227 944 1278 atque
971 1220 1101 1262 ctiam
1127 1219 1367 1265 ventilante
1394 1221 1565 1282 aliquo,

194 1288 393 1333 cubabat.
431 1290 542 1335 Solis
575 1310 677 1337 vero
713 1312 767 1339 ne
801 1297 970 1341 hiberni
1008 1299 1184 1359 quidem
1220 1303 1414 1361 patiens,
1448 1302 1565 1346 domi

192 1384 366 1428 quoque
388 1387 476 1413 non
504 1372 584 1415 nisi
612 1383 831 1433 petasatus
860 1377 938 1419 sub
966 1377 1067 1421 divo
1093 1381 1375 1439 spatiabatur.
1403 1383 1565 1426 Itinera

191 1446 364 1506 lectica,
385 1458 427 1492 et
447 1452 647 1495 noctibus
667 1453 779 1509 fere3
800 1471 936 1515 eaque
958 1455 1077 1501 lenta
1096 1474 1145 1502 ac
1165 1459 1333 1504 minuta
1354 1460 1564 1518 faciebat,

190 1537 239 1571 ut
258 1530 471 1575 Praeneste
491 1531 556 1575 vel
578 1533 715 1577 Tibur
734 1534 868 1579 biduo
891 1537 1146 1597 procederet
1170 1555 1179 1581 :
1207 1555 1275 1596 ac,
1298 1541 1331 1583 si
1354 1557 1441 1600 quo
1462 1557 1561 1602 per—

190 1609 338 1653 venire
357 1612 464 1654 mari
486 1623 648 1672 posset,
675 1615 820 1675 potius
842 1617 1087 1678 navigabat.
1112 1619 1278 1662 Verum
1304 1628 1470 1664 tantam
1496 1622 1561 1664 in-

189 1687 437 1734 firmitatem
462 1708 620 1753 magna
645 1710 749 1737 cura
774 1695 1002 1753 tuebatur,
1029 1698 1227 1759 inprimis
1253 1698 1425 1743 lavandi
1452 1702 1562 1745 rari-

190 1776 287 1812 tate.
317 1770 570 1832 Ungebatur
596 1774 713 1817 enim
742 1777 918 1836 saepius,
946 1787 989 1821 ct
1012 1778 1196 1823 sudabat
1219 1779 1272 1823 ad
1298 1781 1517 1825 flammam
1549 1799 1558 1825 :

189 1847 344 1892 deinde
366 1851 709 1911 perfundebatur
731 1855 895 1916 egelida
918 1874 1051 1918 aqua,
1075 1858 1142 1903 vel
1167 1859 1255 1904 sole
1281 1861 1419 1905 multo
1446 1861 1560 1907 cale-

188 1926 313 1972 facta.
349 1932 430 1985 At,
461 1934 629 1992 quoties
663 1951 896 1980 nervorum
933 1954 1061 1982 causa
1093 1942 1271 1984 marinis
1303 1941 1559 2002 Albulisque

187 2006 335 2053 calidis
365 2011 576 2056 utendum
604 2025 742 2071 esset,
770 2027 1002 2062 contentus
1030 2019 1113 2063 hoc
1142 2030 1260 2076 erat,
1288 2030 1337 2063 ut
1366 2021 1558 2065 insidens

188 2086 329 2148 ligneo
356 2089 484 2147 solio,
513 2093 629 2152 quod
659 2095 746 2154 ipse
774 2097 1009 2157 Hispanico
1036 2099 1168 2143 verbo
1196 2100 1398 2145 duretam
1429 2117 1557 2146 voca-

187 2165 282 2222 bat,
304 2185 457 2213 manus
482 2187 530 2215 ac
554 2173 683 2232 pedes
709 2174 888 2221 alternis
909 2178 1107 2238 jactaret.

249 2248 491 2293 LXXXIII.
530 2253 870 2300 Exercitationes
898 2270 1161 2319 campestres
1183 2278 1395 2322 equorum
1421 2272 1464 2306 et
1489 2280 1556 2307 ar-

187 2343 356 2370 morum
375 2330 518 2372 statim
538 2341 635 2391 post
654 2332 795 2377 civilia
816 2334 925 2380 bella
943 2339 1106 2394 omisit,
1124 2351 1165 2384 et
1184 2341 1238 2385 ad
1257 2342 1391 2402 pilam
1411 2344 1553 2404 primo

186 2404 511 2469 folliculumque
532 2412 722 2468 transiit,
748 2430 846 2458 mox
870 2415 978 2459 nihil
1003 2417 1119 2462 aliud
1145 2437 1274 2480 quam
1299 2423 1553 2466 vectabatur

184 2496 228 2530 et
248 2486 572 2547 deambulabat,
595 2493 654 2536 ita
680 2503 726 2537 ut
749 2498 952 2540 extremis
975 2499 1123 2557 spatiis
1144 2500 1376 2544 subsultim
1398 2502 1555 2545 decur-

184 2577 326 2624 reret,
363 2572 540 2630 segestri
582 2571 647 2615 vcl
685 2572 872 2619 lodicula
913 2577 1147 2622 involutus.
1191 2582 1336 2624 Animi
1379 2580 1551 2625 laxandi

183 2664 306 2693 causa
339 2650 467 2693 modo
498 2653 744 2711 piscabatur
780 2656 930 2713 baino,
968 2659 1094 2702 inodo
1132 2660 1224 2704 talis
1255 2671 1329 2704 aut
1360 2661 1552 2705 ocellatis
