1988 3407
604 259 655 294 15
686 259 724 293 C.
754 260 784 293 J.
817 258 1076 293 CESARFM.
1475 262 1547 303 143

157 336 298 372 indicat
323 337 381 372 lex
408 337 540 372 Numae
567 335 740 383 Pompilii
755 335 852 384 regis
865 336 921 370 his
938 343 1121 382 concepta
1144 336 1267 370 verbis
1289 337 1434 383 :siquis
1454 338 1547 372 libe-

156 412 235 433 rum
254 398 441 434 hominem
461 400 575 434 morti
589 399 689 440 duit,
711 398 906 445 parricida
922 405 1011 432 esto.
1032 414 1046 428 υ

213 462 261 495 Ut
286 461 416 496 Cicer-o
436 461 571 495 scribit.
593 461 680 495 Haec
703 449 844 494 Wolfio
865 466 901 493 et
930 459 1010 494 aliis
1034 466 1205 506 suspecta
1227 459 1414 494 videntur.

208 522 394 570 Reliquos.
416 522 464 558 Hi
482 534 561 557 non
580 528 686 565 sunt,
711 527 890 555 monente
916 521 969 555 Cl.
985 521 1103 564 Hase,
1130 532 1227 567 quos
1246 522 1421 555 Tou-ent.
1441 529 1550 568 putat

154 583 220 630 qui
246 595 323 618 non
346 582 547 619 occidendi
571 582 716 625 animo,
738 589 860 616 tamen
885 582 1126 626 occiderant3
1151 581 1217 617 sed
1241 582 1396 617 omnino
1422 595 1549 617 omnes

154 648 220 692 qui
242 645 386 681 facinus
404 658 470 682 seu
493 645 570 680 vim
583 672 593 690 ,
612 644 678 680 sed
698 645 776 679 sine
802 656 893 679 nece
908 672 918 689 ‚
942 656 1030 693 erga
1052 643 1170 679 civem
1189 651 1441 691 patraverant.

207 708 294 743 Cap.
318 708 459 743 XLIII.
480 707 623 742 probri.
647 707 693 741 H.
721 718 752 741 e.
775 705 963 741 adulterii.

206 770 390 805 portoria.
408 767 626 805 Portorium
644 775 698 803 est
718 767 878 816 vectigal
899 780 972 815 pro
992 768 1181 803 mercibus
1195 780 1241 803 ex
1264 768 1474 816 peregrinis
1487 781 1550 802 re-

153 830 330 878 gionibus
354 830 391 866 in
419 838 565 866 nostras
589 829 814 877 importatis.

207 893 295 928 Nisi
310 893 417 928 cenis
434 893 612 941 personis
637 900 675 926 et
685 892 873 927 oetatibus.
889 893 936 927 H.
958 904 988 927 e.
1005 891 1152 927 feminis
1171 892 1327 927 maritos
1346 900 1382 928 et
1407 893 1547 928 liberos

151 954 401 1000 habentibus,
427 962 463 990 et
488 967 572 1003 quae
591 954 832 991 excessissent
854 954 969 989 aetatis
995 966 1134 989 annum
1162 954 1221 990 55.

206 1017 295 1052 Cn.
317 1018 456 1053 XLIV.
486 1017 693 1052 publicare.
721 1017 767 1053 H.
790 1029 820 1052 e.
842 1016 994 1064 publice
1020 1016 1179 1052 utendas
1199 1016 1299 1052 dare.

207 1078 265 1113 M.
299 1079 471 1114 Varroni.
487 1078 602 1124 Plin.‚
626 1079 719 1113 Hist.
744 1086 845 1123 nat.‚
874 1091 952 1123 vu,
975 1078 1018 1113 31
1051 1092 1059 1112 :
1083 1094 1096 1107 τι
1115 1079 1167 1113 Μ.
1195 1079 1378 1114 Varronis
1416 1079 1455 1113 in
1488 1079 1550 1113 bi—

151 1139 360 1186 bliotheca,
375 1153 458 1188 quae
477 1140 598 1188 prima
620 1140 658 1175 in
678 1139 772 1176 orbe
792 1140 840 1175 ab
860 1139 991 1175 Asinio
1011 1139 1182 1175 Pollione
1206 1153 1251 1175 ex
1275 1140 1462 1176 manubiis
1474 1153 1551 1188 pu-

151 1201 289 1237 blicata
313 1203 442 1238 Romae
465 1209 538 1246 ast,
559 1202 671 1237 unius
695 1201 854 1237 viventis
874 1201 997 1249 posita
1019 1201 1143 1250 imago
1165 1210 1218 1237 est
1245 1216 1252 1237 :
1279 1202 1382 1238 haud
1403 1202 1550 1238 minore

153 1271 160 1310 ζ
179 1271 220 1298 ut
241 1263 420 1312 equidem
444 1263 551 1312 reor)
571 1263 692 1313 gloria
707 1291 716 1308 ‚
735 1263 1082 1311 principe‚oratore
1105 1271 1141 1298 et
1161 1264 1240 1300 cive
1255 1292 1264 1309 ,
1285 1277 1332 1300 ex
1352 1265 1414 1300 illa
1440 1264 1549 1314 inge—

152 1325 304 1361 niorum
320 1354 329 1370 ‚
351 1338 435 1374 quae
462 1333 551 1361 tunc
579 1326 672 1369 suit,
698 1325 962 1371 multitudine,
991 1326 1056 1360 uni
1081 1325 1177 1360 hanc
1202 1338 1382 1361 coronam
1414 1326 1550 1371 dante,

153 1399 269 1435 quam
292 1400 412 1435 quum
436 1387 559 1423 eidem
579 1389 742 1436 Magnus
766 1387 970 1435 Pompeius
992 1386 1154 1434 piratico
1183 1400 1228 1422 ex
1253 1389 1354 1423 bello
1380 1390 1549 1423 navalem

152 1449 268 1485 dedit.
287 1466 302 1480 ι

209 1512 388 1546 Fucinum
413 1512 548 1546 lacum.
577 1512 641 1546 Est
664 1511 702 1546 in
727 1511 871 1546 Marsis.
900 1511 1005 1560 Virg.
1021 1539 1030 1556 ,
1061 1510 1208 1548 AEneid.
1224 1539 1235 1556 ,
1263 1524 1342 1557 vu,
1374 1511 1448 1558 758
1474 1526 1480 1545 :

293 1627 416 1636 .....
437 1605 475 1635 Ει
495 1603 610 1635 Mai-sis
623 1603 760 1646 quaesilae
774 1603 805 1635 iu
821 1603 980 1636 montibus
998 1604 1106 1636 herbae
1117 1629 1125 1643 ‚

291 1662 339 1691 Te
357 1671 467 1691 nemus
486 1660 664 1702 Anguitiae‚
683 1660 781 1692 vitrea
799 1667 830 1692 te
850 1661 986 1692 Fucinus
1003 1661 1104 1700 unda,

292 1718 338 1747 Te
354 1716 470 1759 liquidi
490 1716 603 1748 flevere
622 1716 713 1748 lacus.

207 1804 367 1838 Mum're.
389 1805 435 1840 Η.
451 1817 481 1838 e.
497 1804 688 1852 lapidibus
710 1812 897 1850 sternere,
923 1813 965 1840 ut
985 1806 1062 1841 Cic.
1083 1819 1156 1853 pro
1176 1807 1281 1847 Mil„
1310 1819 1365 1841 vn
1384 1821 1390 1840 :
1417 1824 1430 1837 α
1458 1809 1550 1842 Per-

154 1864 242 1900 inde
268 1865 375 1913 quasi
402 1865 549 1913 Appius
572 1865 632 1900 ille
656 1868 782 1901 Caecus
805 1866 903 1901 viam
927 1867 1132 1912 munierit,
1162 1880 1240 1903 non
1275 1881 1351 1916 qua
1387 1870 1550 1916 populus

155 1934 336 1962 uteretur.
357 1945 370 1958 υ

208 1989 422 2036 Peffodere.
451 1988 548 2024 Vide
569 1989 697 2033 Pam,
725 1989 819 2024 Hist.
847 1997 945 2033 nat„
979 2002 1038 2034 iv,
1065 1990 1097 2025 5.

211 2051 412 2099 lia-penos.
427 2050 594 2096 passive,
614 2050 637 2085 i.
653 2063 684 2086 e.
705 2057 908 2099 postquam
929 2051 1055 2099 parvis
1074 2053 1216 2100 proeliis
1243 2053 1476 2100 periclitatus
1499 2067 1552 2089 es-

154 2121 207 2149 set
231 2125 310 2161 quo
335 2125 472 2161 genere
489 2113 579 2148 belli
606 2112 779 2148 facillime
793 2113 937 2160 possint
962 2113 1072 2148 vinci.

208 2176 297 2211 Cn.
336 2175 453 2211 XLV.
484 2174 680 2210 Comitiali
697 2188 842 2224 quoque
862 2176 999 2210 morbo.
1028 2176 1074 2211 Η.
1102 2188 1132 2211 e.
1161 2176 1350 2224 epilepsia.
1379 2178 1454 2212 Cur
1485 2190 1549 2211 co-

154 2237 307 2271 mitialis
330 2236 543 2271 nominatus
563 2236 697 2281 suerit,
719 2236 831 2272 docet
857 2238 902 2282 Q.
929 2237 1093 2273 Serenus
1120 2251 1127 2272 :

296 2331 348 2361 ast
360 2329 456 2361 subiti
473 2330 591 2373 species
609 2330 734 2368 morbi,
751 2330 801 2361 cui
821 2339 938 2362 nomen
958 2331 998 2362 ab
1015 2331 1067 2362 illo
1085 2338 1130 2363 est
1143 2356 1150 2369 ‚

295 2385 388 2427 Quod
405 2385 481 2418 ferri
501 2386 591 2418 nobis
607 2385 757 2428 suffragia
771 2388 855 2429 justa
870 2393 1013 2425 recusam

298 2445 387 2485 sepe
401 2442 519 2474 etenim
533 2442 683 2474 membris
699 2442 764 2474 acri
780 2443 929 2484 tanguam
943 2443 1067 2473 caducis

296 2498 475 2530 Concilium
495 2499 603 2541 populi
620 2498 706 2530 labes
719 2498 876 2530 hom-uda
892 2499 1030 2530 diremit.

212 2586 407 2634 Cor-reptas
424 2595 489 2622 est.
515 2588 613 2622 Test.
634 2587 819 2622 Plutarch.
834 2616 843 2631 ‚
865 2588 1054 2623 Cordubae
1075 2595 1110 2622 et
1129 2587 1177 2622 ad
1198 2589 1399 2635 Thapsum.

213 2650 308 2684 Lato
326 2649 695 2695 clavo...fimbriato.
723 2650 768 2685 Η.
795 2662 824 2684 e.
849 2650 974 2685 tunica
997 2649 1179 2685 laticlavia
1208 2651 1369 2686 manicas
1389 2651 1435 2687 ad
1466 2665 1547 2687 ma-

156 2723 225 2746 nus
249 2723 367 2758 usque
395 2710 555 2746 habente
571 2723 709 2758 easque
730 2710 886 2746 fimbriis
912 2719 1062 2747 ornatas
1091 2728 1096 2745 :
1121 2720 1250 2746 contra
1273 2714 1439 2748 omnium
1460 2722 1547 2749 tun«-
