1988 3439
593 270 836 306 OCTAVIUS
867 272 1138 309 AUGUSTUS.
1501 280 1548 317 85

167 348 389 408 quondam
419 351 735 412 sponsaliorum
765 353 834 398 die
864 366 1056 401 vexatus.
1089 357 1268 403 Gallum
1297 363 1546 410 Terrinium

165 439 433 489 senatorem,
462 433 607 477 minus
636 434 715 477 sibi
751 434 1031 495 familiarem,
1058 438 1132 483 sed
1164 451 1342 503 captum
1368 456 1548 505 repente

164 507 324 565 oculis,
348 521 391 555 et
417 512 473 556 ob
500 512 542 556 id
571 513 711 559 inedia
740 516 852 560 mori
880 516 1199 576 destinantem,
1230 539 1419 583 praesens
1444 542 1546 571 con-

164 587 344 635 solando
371 594 592 638 revocavit
617 595 672 638 ad
698 596 845 641 vitam.

226 672 339 716 LIV.
382 675 432 717 In
465 684 618 719 senatu
647 678 778 722 verba
809 678 983 724 facienti
1013 680 1178 727 dictum
1203 695 1291 742 est,
1317 688 1451 732 «Non
1481 690 1544 732 in—

163 751 303 796 tellexi
330 770 378 796 :»
414 764 456 798 et
494 756 550 799 ab
588 755 699 816 alio,
739 761 1136 808 «Contradicerem
1178 766 1285 824 tibi,
1326 767 1361 811 si
1399 767 1544 813 locum

162 832 418 878 haberem.»
440 837 669 882 Interdum
691 839 747 883 ob
769 841 1026 888 immodicas
1050 844 1354 892 altercationes
1375 849 1544 911 discep-

160 914 346 958 tantium
379 932 402 960 e
431 919 554 961 curia
580 936 657 980 per
687 921 794 965 iram
826 939 870 966 se
899 925 1157 986 proripienti
1189 928 1365 988 quidam
1404 931 1543 992 inges-

158 1004 332 1052 serunt,
363 998 553 1043 «Licere
588 1010 790 1061 oportere
820 1006 1094 1051 senatoribus
1129 1008 1182 1052 de
1216 1010 1440 1071 republica
1482 1011 1543 1055 lo—

159 1075 283 1133 qui.»
308 1078 523 1123 Antistius
553 1081 700 1127 Labeo
733 1095 908 1130 senatus
937 1085 1143 1147 lectione,
1173 1107 1310 1151 quum
1345 1093 1544 1137 triumvi-

158 1171 254 1198 rum
292 1155 453 1218 legeret
487 1162 550 1205 M.
581 1163 826 1224 Lepidum,
855 1166 1023 1212 hostem
1064 1168 1168 1213 olim
1206 1172 1326 1231 ejus,
1361 1183 1402 1216 et
1438 1183 1543 1217 tuuc

156 1235 446 1295 exsulantem,
470 1238 643 1305 [legit3]
671 1245 963 1307 interrogatus
985 1246 1119 1313 [que]
1145 1251 1198 1294 ab
1225 1269 1295 1309 eo,
1322 1270 1374 1296 an
1401 1265 1543 1298 essent

156 1314 227 1358 alii
243 1316 484 1378 digniores,
500 1324 662 1367 «Suum
678 1342 895 1386 quemque
907 1328 1122 1388 judicium
1141 1331 1316 1390 habere,
1331 1356 1349 1375 υ
1367 1352 1541 1396 respon-

156 1395 232 1440 dit.
251 1398 342 1442 Nec
357 1399 456 1443 ideo
477 1400 652 1447 libertas
668 1415 743 1448 aut
764 1410 1039 1452 contumacia
1063 1410 1204 1454 fraudi
1226 1415 1428 1474 cuiquam
1446 1417 1540 1461 fuit.

220 1478 311 1522 LV.
351 1479 496 1524 Etiam
533 1499 704 1544 sparsos
741 1486 794 1530 de
831 1504 875 1532 se
911 1489 954 1532 in
989 1492 1109 1534 curia
1148 1492 1336 1538 famosos
1373 1494 1542 1541 libellos

154 1574 234 1602 nec
259 1561 453 1621 expavit,
479 1579 559 1607 nec
582 1581 740 1626 magna
764 1584 869 1611 cura
895 1569 1121 1633 redarguit
1146 1591 1155 1617 ε
1181 1591 1250 1632 ac,
1281 1593 1335 1619 ne
1361 1577 1543 1636 requisi-

153 1639 208 1683 tis
235 1640 412 1700 quidem
439 1646 713 1702 auctoribus,
740 1647 780 1690 id
808 1649 941 1694 modo
968 1653 1158 1711 censuit,
1183 1657 1538 1717 cognoscendum

153 1721 335 1779 posthac
369 1723 421 1768 de
459 1724 532 1782 iis,
567 1728 641 1786 qui
674 1726 842 1773 libellos
874 1741 948 1775 aut
992 1734 1189 1779 carmina
1220 1735 1274 1779 ad
1318 1737 1539 1781 infamiam

151 1802 395 1863 cujuspiam
426 1805 505 1848 sub
533 1806 676 1851 alieno
704 1812 883 1855 nomine
912 1812 1057 1857 edant.
1083 1816 1198 1859 Jocis
1225 1834 1400 1879 quoque
1428 1836 1537 1879 quo-

150 1881 350 1927 rumdam
387 1885 613 1930 invidiosis
644 1899 718 1932 aut
748 1891 1048 1951 petulantibus
1082 1894 1331 1956 lacessitus,
1363 1910 1538 1944 contra—

150 1962 260 2007 dixit
292 1963 447 2010 edicto.
478 1969 533 2011 Et
563 1977 706 2012 tamen
737 1971 790 2015 de
819 1973 1057 2018 inhibenda
1091 1986 1454 2024 testamentorum
1491 1981 1540 2025 li-

151 2045 293 2089 centia
318 2062 372 2089 ne
398 2049 633 2108 quicquam
661 2053 1028 2110 constitueretur,
1054 2057 1310 2103 intercessit.

216 2127 329 2169 LVI.
367 2127 555 2184 Quoties
585 2132 923 2193 magistratuum
958 2138 1147 2181 comitiis
1180 2139 1430 2195 interesset,
1465 2145 1539 2186 tri-

152 2205 231 2248 bus
274 2222 374 2249 cum
421 2208 666 2255 candidatis
709 2214 797 2257 suis
839 2215 1130 2273 circumibat,
1175 2220 1537 2283 supplicabatque

152 2303 272 2329 more
301 2285 497 2331 solemni.
532 2291 709 2334 Ferebat
749 2303 791 2336 et
823 2295 914 2354 ipse
944 2297 1202 2358 suffragium
1234 2301 1276 2343 in
1309 2302 1535 2358 tribubus,

152 2377 196 2410 ut
224 2383 338 2411 unus
362 2385 385 2411 e
413 2369 589 2429 populo.
617 2373 789 2415 Testem
821 2391 864 2417 se
898 2376 940 2418 in
966 2377 1142 2435 judiciis
1173 2390 1214 2424 et
1246 2382 1536 2444 interrogari,

150 2457 193 2490 et
213 2445 370 2503 refelli,
392 2450 640 2509 aequissimo
663 2454 810 2497 animo
836 2456 1096 2514 patiebatur.
1123 2462 1285 2504 Forum
1305 2465 1536 2524 angustius

150 2527 275 2583 fecit,
302 2545 389 2572 non
415 2547 544 2574 ausus
569 2542 830 2593 extorquere
858 2538 1177 2596 possessoribus
1205 2542 1428 2602 proximas
1459 2544 1536 2587 do-

153 2626 257 2653 mos.
286 2610 524 2670 Nunquam
552 2612 662 2657 filios
685 2632 784 2658 suos
812 2616 976 2676 populo
1004 2621 1345 2679 commendavit,
1372 2634 1419 2666 ut
1446 2642 1530 2668 non

153 2688 383 2750 adjiceret,
404 2692 482 2735 «Si
507 2693 806 2740 merebuntur.
826 2719 843 2737 υ
863 2698 1055 2757 Eisdem,
1080 2703 1344 2760 pra-textatis
1365 2701 1530 2761 adhuc,
