1988 3439
719 265 979 300 CLAUDIUS.
1465 279 1538 315 209

162 357 204 392 et
229 347 312 394 hoc
334 348 543 411 amplius,
571 349 685 410 patri
707 348 919 392 circenses
948 365 1117 393 annuos
1138 350 1269 395 natali
1296 351 1386 410 die3
1408 356 1537 399 matri

161 439 442 490 carpentum,
473 445 560 490 quo
603 445 682 492 per
714 429 891 473 Circum
926 429 1180 486 duceretur,
1217 441 1259 475 et
1293 449 1536 495 cognomen

160 510 394 571 Augustae,
426 510 479 554 ab
516 511 615 553 viva
653 518 911 554 recusatum.
955 508 1024 554 Ad
1062 509 1208 555 fratris
1255 517 1536 573 memoriam,

158 604 238 649 per
267 606 439 634 omnem
466 591 740 634 occasionem
773 589 1058 646 celebratam,
1083 591 1338 637 comoediam
1361 612 1537 657 quoque

158 684 343 729 graecam
368 668 646 732 neapolitano
688 672 923 715 certamine
953 671 1124 728 docuit,
1154 689 1204 717 ac
1237 672 1290 717 de
1321 678 1536 721 sententia

153 749 354 809 judicum
388 751 626 795 coronavit.
659 752 725 796 Ne
756 754 957 796 Marcum
981 752 1159 813 quidem
1191 756 1430 799 Antonium
1467 758 1534 801 in-

157 829 424 875 honoratum
453 847 502 875 ac
532 832 624 876 sine
650 841 774 893 grata
808 833 1030 878 mentione
1053 836 1315 891 transmisit,
1355 846 1535 882 testatus

157 910 382 970 quondam
405 928 485 974 per
512 911 723 969 edictum,
751 915 926 958 «Tanto
951 915 1188 976 impensius
1216 926 1362 977 petere
1387 935 1455 976 se,
1488 930 1536 964 ut

159 989 348 1035 natalem
363 993 500 1053 patris
520 994 652 1038 Drusi
678 993 972 1051 celebrarent,
1000 996 1118 1056 quod
1140 996 1253 1042 idem
1275 1010 1386 1043 esset
1407 1010 1448 1044 et
1465 1002 1534 1044 avi

156 1071 220 1114 sui
244 1073 472 1116 Antonii.»
495 1073 672 1118 Tiberio
697 1091 990 1119 marmoreum
1016 1093 1164 1121 arcum
1189 1078 1314 1139 juxta
1336 1082 1534 1142 Pompeii

156 1151 399 1207 theatrum,
419 1152 639 1198 decretum
662 1155 838 1215 quidem
854 1155 958 1200 olim
974 1174 998 1200 a
1023 1168 1178 1203 senatu
1194 1194 1205 1216 ,
1230 1176 1382 1204 verum
1406 1163 1535 1205 omis-

156 1246 274 1288 sum,
297 1234 478 1294 peregit.
506 1235 600 1279 Caii
620 1251 796 1296 quoque
815 1238 892 1280 etsi
917 1246 1010 1281 acta
1032 1240 1179 1282 omnia
1207 1241 1396 1298 rescidit,
1416 1241 1531 1286 diem

155 1320 298 1356 tamen
329 1316 465 1368 necis,
497 1317 695 1375 quamvis
721 1316 948 1361 exordium
978 1320 1249 1380 principatus
1274 1322 1366 1378 sui,
1394 1324 1533 1367 vetuit

158 1392 271 1436 inter
297 1392 426 1437 festos
446 1394 610 1439 referri.

217 1473 315 1517 XII.
346 1475 404 1517 At
426 1474 470 1517 in
493 1485 628 1519 semet
667 1477 868 1538 augendo
897 1495 1054 1539 parcus
1081 1491 1212 1541 atque
1236 1483 1372 1527 civilis
1389 1519 1400 1539 ,
1425 1501 1529 1544 prze-

154 1552 331 1597 nomine
353 1554 630 1616 imperatoris
651 1556 882 1613 abstinuit,
905 1560 1061 1604 nimios
1082 1561 1270 1606 honores
1296 1566 1530 1620 recusavit,

152 1631 372 1694 sponsalia
411 1633 527 1692 filiae,
565 1636 839 1698 natalemque
880 1641 1012 1701 geniti
1048 1643 1219 1702 nepotis
1254 1641 1449 1701 silentio,
1481 1662 1531 1689 ac

153 1722 324 1758 tantum
355 1714 590 1762 domestica
627 1717 857 1780 religione,
900 1723 1122 1784 transegit.
1151 1725 1382 1768 Neminem
1408 1742 1534 1770 exsu-

153 1791 267 1849 lum,
303 1796 386 1839 nisi
418 1813 469 1840 ex
497 1808 673 1842 senatus
709 1802 990 1858 auctoritate,
1025 1804 1225 1848 restituit.
1265 1807 1326 1850 Ut
1367 1806 1449 1850 sibi
1488 1808 1529 1850 in

153 1874 334 1918 Curiam
364 1876 612 1937 praefectum
637 1881 826 1940 praetorii
854 1882 1141 1943 tribunosque
1166 1884 1355 1930 militum
1383 1903 1531 1931 secum

154 1953 360 2000 inducere
395 1955 564 2015 liceret,
603 1969 738 2020 utque
778 1972 871 2005 rata
909 1973 1072 2018 essent,
1100 1982 1197 2024 quae
1226 1977 1532 2026 procuratores

152 2035 217 2078 sui
246 2035 289 2079 in
308 2036 550 2096 judicando
573 2049 834 2096 statuerent,
859 2045 1057 2102 precario
1085 2047 1239 2106 exegit.
1266 2049 1342 2090 Jus
1372 2048 1532 2091 nundi-

155 2132 307 2159 narum
337 2118 378 2161 in
406 2119 574 2179 privata
615 2121 776 2181 praedia
799 2139 822 2166 a
851 2124 1104 2169 consulibus
1132 2127 1284 2186 petiit:
1314 2130 1532 2190 cognitio-

155 2195 281 2239 nibus
308 2199 664 2258 magistratuum,
705 2213 752 2246 ut
785 2221 896 2247 unus
927 2223 949 2249 e
975 2206 1252 2264 consiliariis,
1282 2209 1533 2270 frequenter

155 2276 363 2321 interfuit.
403 2279 615 2336 Eosdem,
651 2283 896 2342 spectacula
923 2285 1117 2343 edentes,
1145 2305 1327 2350 surgens
1363 2301 1405 2333 et
1443 2292 1533 2351 ipsc

154 2372 253 2400 cum
290 2368 431 2401 cetera
470 2360 615 2417 turba,
638 2379 743 2405 voce
781 2379 832 2406 ac
858 2381 988 2408 manu
1019 2379 1246 2412 veneratus
1273 2381 1347 2414 est.
1376 2371 1534 2414 Tribu-

156 2437 222 2480 nis
249 2436 387 2498 plebis
420 2439 679 2485 adeuntibus
708 2461 751 2486 sc
778 2461 858 2505 pro
893 2446 1099 2490 tribunali
1130 2453 1372 2503 excusavit,
1415 2451 1532 2511 quod

157 2528 336 2579 propter
371 2522 593 2580 angustias
634 2539 721 2566 non
762 2535 906 2584 posset
947 2527 1097 2571 audire
1126 2546 1221 2584 cos,
1247 2531 1325 2573 nisi
1354 2541 1530 2576 stantes.

155 2597 306 2654 Quare
341 2600 383 2642 in
425 2600 545 2644 brevi
579 2604 718 2662 spatio
758 2614 926 2650 tantuin
968 2610 1127 2651 amoris
1163 2610 1406 2671 favorisque
1442 2612 1532 2655 rol-

157 2676 286 2738 legit,
314 2690 387 2733 ut,
415 2697 551 2740 quum
576 2683 818 2743 profectum
854 2704 952 2731 cum
989 2690 1157 2733 Ostiam
1184 2692 1360 2750 periisse
1386 2710 1436 2736 cx
1465 2694 1530 2735 in-

351 2776 377 2803 ι.
1287 2776 1335 2826 'st
