1988 3439
573 308 610 341 C.
641 307 871 342 SUETONII
901 305 1162 342 CALIGULA.
1488 313 1555 348 16¹3

182 410 343 454 aegruni
385 393 698 437 Germanicum
738 391 1004 452 gravissimis
1047 391 1279 435 verborum
1319 411 1368 438 ac
1409 413 1553 441 reruni

181 474 520 528 acerbitatibus,
558 470 680 516 nullo
717 471 916 516 adhibito
957 471 1118 527 modo,
1158 471 1301 517 affecit
1332 491 1341 517 :
1377 487 1556 537 propter

180 572 301 616 quae,
335 565 381 600 ut
416 558 601 599 Romam
635 551 791 608 rediit,
826 569 948 613 paene
976 552 1220 614 discerptus
1251 570 1274 597 a
1306 556 1499 616 populo,
1532 575 1555 602 a

180 645 333 680 senatu
362 634 515 696 capitis
543 633 775 677 damnatus
803 643 879 676 est.

244 717 322 760 111.
350 717 514 760 Omnes
534 714 800 758 Germanico
824 715 1021 775 corporis
1043 715 1264 776 animique
1286 716 1493 772 virtutes,
1517 729 1557 763 et

181 806 366 858 quantas
391 795 554 840 nemini
579 796 808 856 cuiquam,
832 796 1090 856 contigisse,
1112 797 1214 840 satis
1241 808 1411 842 constat
1433 816 1442 842 ε
1472 799 1558 842 for-

181 894 296 921 mam
335 887 378 922 et
413 875 715 921 fortitudinem
749 877 995 938 egregiam,
1034 877 1258 938 ingenium
1293 879 1339 922 in
1371 889 1558 941 utroque

178 957 435 1019 eloquentiae
467 957 765 1018 doctrinaeque
799 973 957 1019 genere
987 956 1263 1018 praecellens,
1295 959 1557 1004 benevolen-

179 1040 284 1084 tiam
315 1038 610 1100 singularem,
636 1037 1006 1099 conciliandaeque
1040 1039 1270 1083 hominum
1305 1042 1477 1101 gratiae,
1508 1058 1557 1085 ac

179 1120 460 1182 promerendi
495 1120 656 1164 amoris
690 1120 851 1164 mirum
885 1130 927 1163 ct
961 1119 1116 1164 efficax
1149 1120 1355 1164 studium.
1392 1125 1558 1166 Formae

181 1202 325 1244 minus
363 1200 632 1261 congruebat
676 1199 896 1261 gracilitas
933 1217 1144 1257 crurum,
1185 1201 1261 1245 sed
1296 1218 1343 1245 ea
1379 1218 1556 1262 quoque

179 1279 395 1342 paulatim
423 1279 585 1341 repleta
604 1315 615 1337 ,
643 1280 815 1324 assidua
851 1281 953 1341 equi
987 1282 1232 1325 vectatione
1264 1292 1362 1342 post
1394 1282 1555 1325 cibum.

179 1364 359 1405 Hostem
397 1362 595 1405 cominus
635 1378 745 1421 saepe
780 1362 1006 1422 percussit.
1047 1363 1203 1406 Oravit
1242 1379 1391 1406 causas
1427 1363 1556 1406 etiam

177 1440 484 1502 triumphalis3
511 1450 642 1500 atque
673 1442 788 1484 inter
820 1450 965 1485 cetera
997 1441 1247 1485 studiorum
1276 1452 1560 1486 monumenta

178 1520 354 1581 reliquit
377 1531 419 1565 et
437 1521 667 1565 comoedias
689 1537 864 1582 graecas.
882 1521 1015 1564 Domi
1033 1520 1225 1581 forisque
1243 1521 1379 1565 civilis
1396 1540 1404 1566 :
1422 1521 1560 1566 libera

177 1618 228 1646 ac
256 1600 463 1646 foederata
490 1601 652 1662 oppida
679 1602 772 1645 sine
800 1599 1030 1645 lictoribus
1054 1600 1214 1644 adibat.
1239 1602 1390 1646 Sicubi
1415 1601 1557 1646 claro·

178 1699 277 1726 rum
317 1683 513 1727 virorum
549 1681 750 1744 sepulcra
793 1691 1104 1743 cognosceret,
1141 1682 1315 1726 inferias
1357 1683 1560 1727 manibus

178 1763 322 1807 dabat.
351 1766 575 1809 Caesorum
605 1763 727 1807 clade
750 1763 946 1808 Variana
974 1773 1140 1807 veteres
1169 1780 1218 1808 ac
1244 1764 1459 1825 dispersas
1489 1781 1558 1808 re-

178 1842 335 1904 liquias
362 1861 451 1888 uno
478 1843 652 1888 tumulo
680 1844 969 1900 humaturus,
997 1843 1203 1905 colligere
1227 1862 1305 1889 sua
1333 1861 1491 1902 manu,
1518 1854 1561 1888 et

177 1935 456 1985 comportare
474 1925 640 1986 primus
659 1940 884 1985 aggressus
903 1934 982 1968 est.
1001 1925 1386 1969 Obtrectatoribus
1407 1927 1559 1980 etiam,

180 2003 503 2066 qualescunque
539 2014 581 2048 et
615 2014 956 2064 quantacunque
989 2004 1042 2048 de
1075 2021 1202 2048 causa
1237 2015 1389 2049 nactus
1423 2014 1561 2060 essct,

181 2084 289 2129 lenis
318 2084 427 2129 adeo
459 2095 502 2129 et
532 2085 735 2129 innoxius
754 2119 765 2141 ,
795 2095 843 2128 ut
871 2085 1047 2140 Pisoni,
1082 2084 1254 2129 decreta
1282 2102 1358 2129 sua
1395 2085 1560 2129 rescin-

180 2164 324 2222 denti,
349 2164 570 2209 clientelas
596 2165 837 2220 divexanti,
860 2182 948 2209 non
974 2166 1095 2226 prius
1120 2182 1374 2209 succensere
1399 2167 1441 2209 in
1466 2167 1561 2209 ani-

183 2262 304 2289 mum
326 2245 571 2300 induxerit,
592 2262 724 2305 quam
749 2246 964 2290 veneficiis
986 2263 1162 2307 quoque
1190 2255 1230 2290 et
1253 2246 1560 2291 devotionibus

182 2327 432 2388 impugnari
471 2342 515 2369 se
553 2326 837 2386 comperisset
869 2343 877 2369 :
911 2342 960 2369 ac
998 2342 1053 2369 ne
1087 2336 1192 2370 tunc
1234 2327 1410 2387 quidem
1448 2325 1561 2369 ultra

183 2423 462 2468 progressus,
499 2422 632 2466 quani
674 2415 722 2449 ut
755 2416 799 2450 et
831 2407 1067 2449 amicitiam
1098 2407 1135 2449 ci
1179 2423 1301 2449 more
1347 2406 1560 2465 majorum

182 2488 460 2531 renunciaret
476 2521 487 2543 ,
513 2486 827 2547 mandaretque
851 2486 1099 2530 domesticis
1123 2485 1364 2543 ultionem,
1393 2484 1560 2545 siquod

182 2566 263 2610 sibi
293 2566 521 2612 accideret.

246 2649 325 2692 IV.
367 2649 571 2705 Quarum
599 2649 811 2692 virtutum
841 2648 1030 2692 fructum
1060 2649 1332 2691 uberrimum
1359 2645 1479 2701 tulit,
1505 2646 1565 2688 sic

185 2727 398 2788 probatus
423 2738 466 2772 et
493 2727 679 2773 dilectus
708 2747 730 2773 a
758 2731 872 2786 suis,
904 2740 950 2774 ut
982 2733 1207 2788 Augustus
1237 2729 1420 2786 (omitto
1448 2727 1563 2770 enini

1309 2825 1370 2852 Ιῐ.
