1971 3342
376 246 389 267 1
398 246 445 269 oo
902 234 938 268 C.
966 234 1194 269 SUETONII

368 332 439 358 ros
474 331 523 358 ac
556 313 737 370 nitidos,
767 316 923 374 quibus
954 316 1082 358 etiam
1116 315 1349 358 existimari
1385 313 1555 357 volebat
1585 314 1719 356 inesse

369 393 574 454 quiddam
601 393 736 437 divini
761 395 942 455 vigori53
966 395 1284 454 gaudebatque,
1307 395 1339 438 si
1361 395 1456 454 quis
1478 393 1558 436 sibi
1581 392 1720 436 acrius

370 473 612 530 contuenti,
631 474 751 533 quasi
773 472 822 515 ad
848 471 1061 532 fulgorem
1081 472 1199 529 solis,
1220 472 1386 516 vultum
1407 471 1693 516 summitteret
1711 487 1720 513 z

370 552 444 596 sed
480 553 523 595 in
558 562 729 596 senecta
765 552 940 595 sinistro
974 552 1115 595 minus
1150 552 1270 596 vidit.
1306 554 1470 596 Dentes
1503 567 1648 605 raros,
1683 559 1726 592 et

371 632 568 692 exiguos,
594 641 636 675 et
662 632 854 687 scabros,
879 629 1084 690 capillum
1111 629 1265 674 leniter
1289 631 1493 674 inflexum
1516 639 1558 673 et
1581 628 1726 673 suffla-

371 728 497 766 vum,
526 709 752 770 supercilia
780 709 1036 769 conjuncta,
1063 709 1299 753 mediocres
1329 726 1475 764 aures,
1506 724 1657 751 nasum
1687 717 1729 750 et

372 806 395 833 a
429 806 597 832 summo
631 789 983 845 eminentiorem,
1020 798 1062 832 et
1097 789 1150 832 ab
1184 790 1270 832 imo
1304 789 1624 843 deductiorem,
1657 803 1728 829 co-

372 868 508 912 lorem
545 870 658 912 inter
695 867 888 927 aquilum
925 868 1272 928 candidumque,
1312 876 1520 911 staturam
1556 867 1730 909 brevem

372 948 531 1009 (quam
574 958 716 991 tamen
754 947 892 991 Julius
930 948 1157 991 Marathus
1198 946 1402 1003 libertus,
1444 947 1488 989 in
1526 944 1733 988 memoria

373 1029 488 1088 ejus,
523 1029 715 1088 quinque
747 1027 905 1088 pedum
939 1036 981 1070 et
1015 1026 1238 1070 dodrantis
1271 1026 1401 1069 fuisse
1435 1023 1625 1084 tradit),
1660 1022 1734 1066 sed

374 1124 469 1167 quae
494 1107 801 1150 commoditate
825 1116 868 1149 et
891 1106 1092 1165 aequitate
1119 1105 1414 1148 membrorum
1439 1101 1734 1156 occuleretur,

375 1196 423 1229 ut
444 1186 618 1229 nonnisi
639 1202 689 1228 ex
709 1184 1032 1244 comparatione
1051 1182 1261 1226 adstantis
1281 1181 1461 1242 alicujus
1481 1180 1736 1241 procerioris

378 1264 560 1325 intelligi
584 1273 739 1324 posset.

440 1346 617 1388 LXXX.
659 1346 852 1402 Corpore
871 1342 1056 1385 traditur
1075 1341 1314 1396 maculoso,
1334 1339 1533 1400 dispersis
1552 1356 1629 1399 per
1645 1355 1739 1399 pec-

378 1434 447 1467 tus
472 1433 600 1483 atque
627 1421 771 1465 alvum
801 1422 1000 1482 genitivis
1029 1423 1163 1475 notis,
1192 1422 1235 1463 in
1266 1420 1442 1463 modum
1471 1428 1513 1462 et
1541 1419 1738 1462 ordinem

381 1520 429 1546 ac
459 1518 689 1546 numerum
714 1500 935 1545 stellarum
962 1500 1141 1544 coelestis
1165 1503 1308 1555 Ursae3
1338 1499 1410 1542 sed
1434 1509 1477 1542 et
1503 1497 1621 1542 callis
1644 1498 1740 1557 qui-

379 1581 580 1636 busdam,
607 1597 658 1623 ex
686 1580 909 1640 prurigine
936 1580 1128 1639 corporis
1153 1579 1410 1638 assiduoque
1432 1588 1474 1621 et
1497 1577 1741 1621 vehementi

379 1660 554 1721 strigilis
586 1677 666 1703 usu
699 1659 968 1719 plurifariam
1001 1659 1235 1713 concretis,
1271 1658 1325 1701 ad
1357 1657 1620 1716 impetiginis
1655 1655 1742 1698 for-

381 1757 510 1783 mam.
536 1739 781 1784 Coxendice
809 1748 851 1781 et
872 1738 1030 1781 femore
1051 1748 1091 1781 et
1112 1754 1236 1781 crure
1257 1738 1432 1780 sinistro
1454 1752 1542 1778 non
1565 1733 1744 1796 perinde

380 1818 576 1873 valebat,
609 1829 657 1861 ut
686 1835 797 1878 scepe
828 1818 957 1860 etiam
992 1816 1090 1859 inde
1118 1815 1382 1859 claudicaret
1412 1831 1421 1858 ε
1452 1814 1526 1858 sed
1556 1813 1745 1857 remedio

383 1899 649 1941 habenarum
693 1907 821 1956 atque
864 1895 1129 1939 arundinum
1174 1895 1526 1939 confirmabatur.
1572 1896 1746 1936 Dextrae

383 1994 556 2038 quoque
576 1993 732 2019 manus
752 1975 937 2036 digitum
959 1974 1195 2018 salutarem
1216 1984 1302 2016 tam
1326 1971 1590 2015 imbecillum
1615 1973 1747 2014 inter-

385 2058 488 2101 dum
524 2056 757 2110 sentiebat,
790 2064 840 2097 ut
873 2063 1145 2113 torpentem,
1172 2061 1530 2111 contractumque
1564 2050 1746 2111 frigore,

387 2136 459 2178 vix
502 2134 646 2177 cornei
687 2131 837 2176 circuli
880 2130 1181 2193 supplemento
1224 2131 1445 2190 scripturae
1485 2129 1745 2174 admoveret.

387 2214 580 2270 Questus
603 2222 664 2256 est
690 2221 731 2254 ct
759 2211 811 2255 de
834 2212 995 2265 vesica,
1024 2212 1148 2271 cujus
1176 2209 1346 2265 dolore,
1375 2208 1549 2253 calculis
1575 2209 1748 2253 demum

389 2310 465 2354 per
488 2294 659 2336 urinam
681 2292 844 2351 cjcctiS,
874 2290 1109 2334 levabatur.

450 2374 651 2416 LXXXI.
691 2374 857 2414 Graves
890 2380 932 2414 et
962 2369 1222 2431 periculosas
1255 2369 1522 2413 valetudines
1553 2385 1631 2429 per
1657 2384 1749 2412 om-

392 2470 488 2497 nem
522 2453 654 2495 vitam
687 2450 853 2511 aliquot
887 2460 1089 2512 expertus
1125 2460 1188 2493 est
1224 2466 1233 2491 :
1266 2450 1481 2510 praecipue
1517 2449 1749 2494 Cantabria

393 2533 580 2588 domita,
611 2549 747 2592 quum
780 2533 935 2586 etiam,
968 2525 1547 2589 destillationibus*jecinore
1572 2529 1748 2581 vitiato,

394 2610 445 2652 ad
488 2611 831 2670 desperationem.
868 2609 1092 2660 redactus,
1135 2608 1394 2650 contrariam
1438 2617 1478 2650 et
1519 2607 1749 2665 ancipitem
