1971 3342
364 240 411 275 92
896 232 932 263 C.
965 232 1190 266 suffl‘oNn

366 319 485 369 perta
515 310 708 353 Murenae
733 312 1030 372 conjuratione
1058 315 1182 357 uxori
1210 314 1418 357 Terentiae
1448 312 1715 373 prodidisset.

366 390 516 450 Exegit
533 400 576 433 et
593 391 681 450 ipse
702 392 884 435 invicem
902 393 955 436 ab
975 394 1121 438 amicis
1139 392 1482 437 benevolentiam
1500 403 1695 437 mutuam
1708 429 1720 450 ,

363 478 453 513 tam
479 486 503 513 a
528 469 766 525 defunctis,
796 489 926 532 quam
953 490 977 516 a
1005 473 1126 517 vivis.
1156 474 1292 528 Nam,
1323 473 1519 533 quamvis
1547 473 1722 516 minime

1448 554 1567 596 onoti
1595 562 1720 597 testa-

1447 589 1470 615 n

365 639 511 673 mento
546 646 699 690 capere
731 634 962 692 quicquam
998 634 1275 690 sustinuerit,
1309 634 1546 677 amicorum
1579 643 1720 677 tamen

364 558 585 609 appeteret
614 550 891 609 hereditates,
921 562 969 595 ut
997 554 1072 612 qui
1101 570 1323 613 nunquam
1351 570 1400 597 ex
1430 554 1441 596 i

363 725 561 769 suprema
595 710 757 771 judicia
791 713 1080 756 morosissime
1111 714 1369 773 pensitavit3
1402 730 1542 774 neque
1575 711 1724 757 dolore

364 787 656 847 dissimulato,
688 792 722 834 si
752 793 948 851 parcius,
979 802 1053 835 aut
1086 793 1193 836 citra
1226 793 1436 836 honorem
1466 793 1723 847 verborum,

364 886 501 929 neque
525 871 703 931 gaudio,
726 872 759 914 si
784 882 904 932 grate
925 873 1081 933 pieque
1101 873 1197 932 quis
1218 890 1261 916 se
1284 883 1538 933 prosecutus
1561 873 1720 916 fuisset.

363 951 546 1010 Legata,
571 949 637 993 vel
660 961 801 1011 partes
824 952 1132 1007 hereditatum,
1155 970 1179 995 a
1198 954 1545 1013 quibuscumque
1568 970 1721 1013 paren-

363 1030 479 1072 tibus
509 1028 657 1073 relicta
686 1031 791 1087 sibi,
823 1041 897 1074 aut
929 1033 1072 1075 statim
1106 1032 1250 1076 liberis
1284 1050 1432 1076 corum
1464 1033 1723 1088 concedere,

364 1119 438 1151 aut
461 1110 494 1152 si
514 1109 717 1169 pupillari
739 1121 862 1154 aetate
884 1122 1042 1167 essent,
1067 1112 1134 1154 die
1153 1111 1286 1154 virilis
1311 1122 1441 1172 togae,
1466 1111 1529 1155 vel
1553 1114 1725 1173 nuptia—

365 1205 482 1241 rum,
507 1205 605 1231 cum
629 1190 896 1233 incremento
919 1191 1141 1234 restituere
1167 1201 1409 1234 consuerat.

426 1270 605 1312 LXVII.
641 1271 856 1312 Patronus
896 1269 1184 1330 dominusque
1223 1288 1310 1314 non
1349 1272 1490 1315 minus
1530 1288 1726 1328 severus,

364 1364 494 1407 quam
517 1347 654 1390 facilis
675 1358 716 1391 et
739 1347 945 1404 clemens,
971 1348 1129 1392 multos
1154 1348 1407 1393 libertorum
1433 1351 1476 1393 in
1498 1352 1663 1394 honore
1687 1360 1727 1394 ct

365 1443 446 1470 usu
472 1427 662 1470 maximo
686 1428 837 1471 habuit
862 1446 870 1471 :
895 1438 943 1471 ut
967 1429 1187 1472 Licinium
1212 1429 1499 1486 Enceladum,
1521 1430 1723 1491 aliosque„

365 1509 570 1549 Cosmum
593 1522 783 1563 servum,
807 1508 1056 1567 gravissime
1074 1508 1126 1551 de
1147 1526 1190 1552 se
1212 1510 1486 1570 opinantem,
1507 1527 1593 1553 non
1615 1510 1727 1554 ultra

366 1602 496 1645 quam
529 1586 810 1646 compedibus
836 1588 1041 1631 coercuit.
1074 1589 1331 1633 Diomedem
1365 1590 1729 1650 dispensatorem,

367 1683 391 1710 a
424 1683 511 1726 quo
547 1666 673 1709 simul
706 1666 984 1725 ambulante,
1014 1669 1253 1712 incurrenti
1288 1681 1465 1730 repente
1499 1671 1590 1714 sero
1624 1688 1730 1731 apro

368 1764 443 1806 per
482 1757 646 1789 metum
685 1748 879 1807 objectus
921 1758 1009 1804 est,
1052 1748 1205 1792 maluit
1244 1750 1486 1793 timiditatis
1524 1767 1729 1811 arguere,

367 1843 495 1886 quam
526 1843 673 1881 noxae3
703 1844 880 1886 remque
909 1844 995 1870 non
1025 1829 1192 1871 minimi
1221 1828 1425 1888 periculi,
1453 1831 1555 1890 quia
1586 1841 1729 1874 tamen

367 1906 483 1949 fraus
507 1906 674 1962 aberat,
699 1908 739 1949 in
762 1907 911 1966 jocum
937 1909 1078 1951 vertit.
1103 1908 1220 1952 Idem
1245 1909 1477 1952 Proculum
1501 1928 1548 1953 ex
1576 1927 1729 1971 accep-

368 1987 540 2029 tissimis
566 1984 730 2029 libertis
755 1988 864 2030 mori
891 1987 1051 2046 coegit,
1076 1997 1344 2047 compertum
1371 1987 1617 2033 adulterare
1643 2007 1732 2033 ma—

367 2075 513 2108 tronas
548 2082 558 2107 ι
593 2065 774 2121 Thallo,
811 2082 835 2108 a
874 2083 1032 2121 manu,
1068 2067 1182 2125 quod
1225 2084 1303 2127 pro
1341 2068 1522 2128 epistola
1560 2070 1731 2129 prodita

368 2144 566 2187 denarios
598 2145 862 2204 quingentos
894 2146 1153 2205 accepisset,
1189 2164 1315 2189 crura
1350 2147 1489 2208 fregit.
1527 2148 1731 2209 Paedago-

369 2240 471 2283 gum
499 2224 802 2284 ministrosque
830 2226 921 2268 Caii
950 2225 1047 2281 filii,
1072 2243 1149 2286 per
1176 2227 1444 2271 occasionem
1474 2227 1733 2272 valetudinis

368 2305 604 2363 mortisque
639 2305 730 2364 ejus
763 2306 946 2365 superbe
981 2323 1193 2367 avareque
1229 2309 1271 2350 in
1308 2310 1529 2368 provincia
1566 2326 1732 2371 grassa-

370 2394 457 2439 105,
481 2386 668 2428 oneratis
705 2386 823 2445 gravi
855 2385 1046 2445 pondere
1079 2388 1341 2444 cervicibus,
1374 2390 1655 2450 praecipitavit
1689 2392 1728 2432 iu

370 2462 544 2507 flumen.

432 2545 630 2588 LXVIII.
669 2546 814 2588 Prima
841 2545 1021 2605 juventa
1062 2548 1277 2591 variorum
1323 2550 1582 2593 dedecorum
1623 2550 1729 2592 infa-

371 2625 496 2667 miam
527 2626 670 2668 subiit.
703 2626 1058 2685 Sex.'Pompeius
1092 2637 1134 2670 ut
1173 2628 1466 2672 ‹›ff‹.=minau1m
1500 2630 1729 2674 insectatus
