1971 3342
411 233 457 277 54
931 231 968 265 C.
998 229 1227 266 SUETONII

410 317 453 358 in
479 315 706 376 Hispanias
733 315 936 359 adversus
963 316 1041 357 Cn.
1069 314 1265 373 Pompeii
1287 311 1466 365 liberos,
1494 307 1671 351 vixdum
1700 308 1772 351 fir-

409 411 506 438 mus
527 411 552 438 a
574 396 691 455 gravi
719 393 988 449 valetudine,
1014 409 1091 453 per
1115 392 1287 435 infestas
1312 390 1507 434 hostibus
1529 389 1640 443 vias,
1665 404 1773 447 pau-

408 475 590 519 cissimis
617 475 873 527 comitibus,
904 473 1131 532 naufragio
1161 473 1290 516 etiam
1320 472 1458 526 facto,
1488 469 1742 513 subsecutus
1762 501 1773 523 ,

410 570 567 615 magno
602 571 730 615 opere
765 553 1005 604 demeruit,
1038 551 1280 612 approbata
1315 551 1402 594 cito
1438 550 1569 593 etiam
1605 564 1775 591 morum

410 632 554 676 indole
586 649 715 694 super
746 632 912 676 itineris
946 629 1219 674 industriam.
1251 632 1418 675 Caesare
1451 637 1550 689 post
1580 636 1776 688 receptas

409 714 638 773 Hispanias
667 711 986 772 expeditionem
1021 711 1066 752 in
1101 712 1272 764 Dacos,
1301 719 1343 754 et
1369 709 1469 752 inde
1497 710 1540 752 in
1567 707 1749 752 Parthos
1767 741 1778 763 ,

411 791 672 847 destinante,
690 792 934 852 praemissus
953 788 1249 850 Apolloniam,
1266 789 1418 833 studiis
1433 789 1614 832 vacavit.
1630 789 1779 846 thue

409 873 599 933 primum
634 872 825 914 occisum
864 886 987 927 euin,
1022 870 1314 930 heredemque
1351 886 1394 913 se
1430 868 1667 928 comperit,
1705 866 1778 909 diu

410 962 658 1006 cunctatus,
687 968 741 994 an
770 952 989 1011 proximas
1014 950 1205 1011 legiones
1235 948 1507 1010 imploraret,
1534 947 1578 991 id
1604 946 1779 1007 quidem

410 1031 640 1074 consilium
669 1041 716 1074 ut
742 1047 931 1091 praeceps
960 1031 1332 1089 immaturumque
1355 1029 1499 1072 omisit
1524 1045 1533 1071 :
1563 1037 1753 1071 ceterum
1769 1060 1780 1082 ,

410 1111 529 1154 Urbe
544 1111 745 1169 repetita,
763 1109 1050 1153 hereditatem
1066 1109 1190 1165 adiit,
1207 1109 1437 1151 dubitante
1452 1117 1609 1162 matre,
1626 1107 1782 1149 vitrico

410 1206 513 1233 vero
552 1189 722 1232 Marcio
762 1188 966 1248 Philippo
1006 1188 1225 1231 consulari
1264 1187 1453 1231 multum
1492 1185 1780 1230 dissuadente.

411 1273 552 1329 Atque
585 1269 638 1311 ab
671 1286 722 1312 eo
756 1278 949 1328 tempore
983 1268 1243 1311 exercitibus
1276 1268 1562 1327 comparatis,
1593 1266 1783 1327 primum

410 1367 510 1393 cum
538 1351 601 1393 M.
631 1349 824 1392 Antonio
853 1349 1093 1406 Marcoque
1125 1346 1317 1407 Lepido,
1346 1347 1446 1390 dein
1478 1356 1652 1390 tantum
1682 1363 1781 1389 cuin

409 1430 626 1484 Antonio,
652 1443 728 1488 per
756 1426 985 1469 duodecim
1012 1426 1098 1469 fere
1126 1443 1283 1482 annos3
1314 1427 1546 1470 novissime
1570 1442 1648 1486 per
1673 1442 1780 1486 qua-

409 1519 510 1553 tuor
537 1518 578 1551 et
607 1506 901 1567 quadraginta
926 1505 1041 1549 solus
1066 1505 1381 1566 rempublicam
1405 1506 1561 1549 tenuit.

473 1590 550 1632 IX.
588 1587 818 1647 Proposita
844 1587 942 1629 vitre
971 1587 1063 1645 ejus
1088 1585 1207 1630 velut
1237 1603 1429 1643 summa,
1454 1596 1598 1646 partes
1622 1585 1781 1647 sigilla-

410 1671 508 1726 tim,
534 1684 673 1728 neque
697 1684 773 1727 per
797 1676 1013 1726 tempora,
1039 1666 1112 1710 sed
1136 1684 1211 1727 per
1234 1667 1417 1726 species,
1441 1683 1672 1725 exsequar,
1696 1683 1783 1726 quo

411 1749 656 1793 distinctius
681 1747 969 1790 demonstrari
992 1748 1281 1807 cognoscique
1300 1747 1478 1806 possint.
1502 1745 1620 1790 Bella
1639 1745 1783 1790 civilia

412 1831 605 1890 quinque
640 1829 799 1889 gessit;
836 1827 1113 1883 Mutinense,
1151 1826 1454 1887 Philippense,
1494 1827 1782 1883 Perusinum,

412 1910 632 1966 Siculum,
657 1909 898 1953 Actiacum.
930 1910 991 1950 Ex
1016 1907 1174 1967 quibus
1203 1908 1393 1967 primum
1423 1924 1473 1950 ac
1498 1908 1781 1951 novissimum

410 1991 614 2035 adversus
654 1992 716 2033 M.
760 1988 1027 2040 Antonium,
1069 1986 1305 2030 secundum
1348 1987 1555 2030 adversus
1596 1989 1780 2031 Brutum

411 2081 453 2113 et
489 2071 710 2123 Cassium,
746 2069 924 2111 tertium
955 2066 1160 2109 adversus
1193 2069 1299 2110 Luc.
1332 2068 1596 2124 Antonium,
1629 2069 1783 2111 trium-

411 2151 494 2193 viri
530 2151 733 2201 sratre1n3
771 2157 977 2206 quartum
1016 2145 1221 2189 adversus
1253 2149 1347 2190 Sex.
1386 2148 1666 2208 Pompeium,
1699 2150 1779 2193 Cn.

412 2230 563 2274 silium.

474 2313 529 2355 X.
567 2312 776 2356 Omnium
796 2308 1009 2352 bellorum
1030 2308 1202 2349 initium
1219 2316 1259 2349 et
1274 2324 1444 2350 causam
1464 2308 1565 2352 hinc
1580 2310 1777 2369 sumpsit.

351 2428 360 2435 .
411 2391 529 2436 Nihil
558 2392 887 2436 convenientius
913 2388 1096 2445 ducens,
1121 2405 1251 2448 quam
1281 2403 1427 2429 necem
1453 2388 1660 2432 avunculi
1687 2391 1780 2432 vin-

413 2472 572 2525 dicare,
588 2475 783 2533 tuerique
803 2484 911 2527 acta,
931 2471 1171 2525 confestim,
1193 2477 1239 2512 ut
1258 2466 1489 2528 Apollonia
1507 2468 1653 2524 rediit,
1673 2471 1781 2512 Bru-

415 2563 505 2596 tum
531 2555 837 2614 Cassiumque,
858 2565 899 2598 et
922 2555 962 2596 vi
983 2570 1061 2597 nec
1085 2553 1330 2612 opinantes·,
1352 2561 1415 2607 et,
1431 2551 1532 2610 quia
1549 2551 1776 2611 praevismn

415 2632 653 2690 periculum
684 2634 1053 2693 subterfugerant,
1080 2631 1244 2691 legibus
1268 2631 1465 2692 aggredi,
1493 2647 1673 2691 reosque
1699 2649 1776 2675 ‹w—
