1988 3439
602 242 846 279 OCTAVIUS
868 243 1141 279 AUGUSTUS.
1504 249 1551 298 95·

182 338 362 388 posterae
384 328 480 371 vitae
502 327 710 370 castitate.
737 328 845 370 Item
868 324 1134 371 lautitiarum
1161 327 1392 386 invidiam3
1416 348 1549 392 quum

179 417 219 450 et
243 406 503 452 Alexandria
524 415 670 466 capta,
696 404 803 450 nihil
832 406 911 450 sibi
935 416 1090 467 praeter
1111 424 1247 451 unum
1271 411 1549 455 murrliinum

178 487 355 532 calicem
389 504 440 532 ex
472 488 763 530 instrumento
798 487 920 548 regio
954 488 1209 544 retinuerit,
1243 498 1285 531 et
1316 505 1416 534 mox
1451 508 1550 535 vasa

177 585 307 612 aurea
343 567 623 612 assiduissimi
658 583 762 611 usus
799 567 1056 611 conflaverit
1094 569 1252 612 omnia.
1290 569 1415 613 Circa
1452 569 1549 614 libi-

175 647 296 692 dines
322 648 463 702 haesit;
486 657 636 709 postea
661 664 856 708 quoque,
883 657 929 691 ut
956 647 1122 703 ferunt,
1148 648 1203 692 ad
1224 648 1439 693 vitiandas
1469 651 1551 694 vir-

174 728 296 788 gines
323 728 592 789 promptior,
620 744 716 788 quae
754 728 835 771 sibi
871 727 1093 789 undique,
1129 729 1260 773 etiam
1296 729 1350 774 ab
1387 746 1549 786 uxore,

173 809 549 869 conquirerentur.
591 807 706 853 Aleae
749 825 971 853 rumorem
1014 808 1135 853 nullo
1177 809 1309 854 modo
1349 813 1548 872 expavit,

173 886 361 949 lusitque
386 887 642 951 simpliciter
667 898 708 933 et
735 888 877 951 palam
903 888 1211 934 oblectamenti
1239 907 1390 949 causa,
1418 893 1548 936 etiam

169 984 326 1025 senex3
359 985 409 1013 ac
445 979 735 1031 praeterquam
768 970 999 1015 Decembri
1033 986 1207 1028 mense,
1241 969 1337 1015 aliis
1373 989 1550 1034 quoque

170 1047 288 1093 festis
314 1049 604 1111 profestisque
631 1050 796 1095 diebus.
827 1052 918 1096 Nec
944 1051 988 1096 id
1015 1051 1197 1096 dubium
1224 1062 1300 1097 est.
1330 1055 1549 1116 Autogra-

169 1129 258 1189 pha
280 1129 467 1190 quadam
493 1129 696 1192 epistola,
723 1133 962 1189 «Coenavi,
979 1152 998 1172 »ι
1024 1133 1108 1189 ait,
1131 1134 1226 1177 «mi
1248 1133 1418 1191 Tiberi,
1446 1151 1546 1178 cum

168 1208 335 1254 iisdem.
371 1214 659 1257 Accesserunt
696 1214 890 1257 convivae
925 1215 1124 1258 Vinicius
1161 1224 1203 1258 et
1240 1213 1370 1258 Silius
1408 1225 1544 1275 pater.

166 1292 288 1335 Inter
312 1308 478 1336 coenam
504 1291 688 1338 lusimus
715 1301 970 1351 γεροντικῶς,
999 1305 1041 1338 et
1070 1295 1165 1338 heri
1194 1305 1237 1339 et
1262 1295 1404 1339 hodie.
1430 1293 1545 1340 Talis

165 1372 281 1415 enim
305 1373 502 1433 jactatis,
528 1382 577 1416 ut
600 1373 786 1433 quisque
816 1390 965 1417 canem
993 1384 1069 1417 aut
1096 1375 1318 1418 senionem
1344 1376 1517 1420 miserat
1539 1407 1550 1426 ,

165 1452 210 1495 in
235 1450 430 1514 singulos
457 1450 566 1496 talos
594 1452 790 1514 singulos
821 1453 1023 1498 denarios
1052 1454 1095 1497 in
1126 1453 1317 1498 medium
1347 1455 1543 1501 confere-

163 1531 239 1576 bat
263 1548 274 1576 :
299 1549 410 1593 quos
436 1531 614 1577 tollebat
639 1534 885 1589 universos,
912 1535 987 1595 qui
1010 1536 1227 1579 Venerem
1250 1535 1462 1596 jecerat.»
1486 1539 1543 1581 Et

163 1629 315 1657 rursus
337 1612 431 1658 aliis
457 1612 612 1658 litteris
631 1631 641 1658 :
657 1616 806 1671 «Nos,
832 1616 892 1659 mi
918 1616 1087 1673 Tiberi,
1110 1617 1417 1677 Quinquatrus
1440 1618 1543 1662 satis

157 1692 355 1754 jucunde
381 1695 563 1757 egimus.
592 1696 796 1740 Lusimus
823 1697 939 1740 enim
963 1713 1041 1758 per
1066 1713 1216 1742 omnes
1243 1697 1353 1753 dies,
1378 1697 1543 1742 forum-

161 1790 248 1834 que
270 1773 528 1819 aleatorium
552 1774 814 1821 calfecimus.
842 1778 995 1821 Frater
1020 1787 1120 1821 tuus
1145 1779 1315 1840 magnis
1342 1777 1542 1824 clamori-

161 1853 243 1898 bus
274 1871 366 1899 rem
397 1856 541 1917 gessit.
576 1855 643 1900 Ad
673 1873 886 1900 summam
918 1867 1061 1901 tamen
1095 1857 1285 1919 perdidit
1312 1876 1401 1903 non
1430 1859 1542 1903 mul-

160 1943 273 1991 tum3
298 1935 372 1980 sed
397 1952 449 1980 ex
481 1937 651 1997 magnis
685 1936 955 1981 detrimentis
988 1948 1145 1998 praeter
1173 1956 1293 2000 spem
1329 1938 1540 2000 paulatim

162 2025 375 2060 retractus
405 2026 482 2060 est.
511 2019 606 2078 Ego
639 2016 808 2078 perdidi
841 2017 995 2078 viginti
1027 2017 1161 2062 millia
1188 2019 1416 2062 nummum
1444 2036 1540 2063 mco

162 2096 360 2152 nomine;
385 2096 460 2141 sed
491 2113 628 2157 quum
662 2096 797 2141 effuse
831 2097 874 2140 in
911 2096 1008 2142 lusu
1043 2096 1232 2142 liberalis
1261 2099 1462 2157 fuissem,
1492 2109 1541 2145 ut

162 2174 280 2219 soleo
306 2174 576 2237 plerumque.
611 2178 725 2222 Nam
758 2177 817 2233 si,
852 2194 959 2237 quas
993 2194 1147 2222 manus
1178 2179 1323 2223 remisi
1352 2181 1538 2241 cuique,

160 2256 417 2317 exegissem,
447 2266 523 2300 aut
551 2257 825 2301 retinuissem
855 2258 973 2318 quod
1010 2260 1169 2319 cuique
1197 2259 1378 2318 donavi,
1415 2262 1539 2305 vicis-

161 2352 250 2380 sem
276 2334 339 2379 vel
369 2336 692 2398 quinquaginta
725 2336 873 2381 millia.
903 2339 986 2382 Sed
1017 2339 1100 2383 hoc
1125 2340 1252 2384 malo.
1287 2342 1538 2403 Benignitas

161 2417 278 2461 enim
308 2434 404 2461 mea
427 2434 495 2462 me
524 2417 578 2461 ad
605 2417 822 2462 coelestem
853 2417 1035 2480 gloriam
1064 2420 1224 2464 efferet.
1243 2442 1264 2462 n
1293 2422 1451 2466 Scribit
1483 2422 1538 2466 ad

162 2495 295 2541 filiam
317 2514 326 2541 :
349 2498 487 2541 «Misi
510 2498 588 2541 tibi
611 2497 813 2542 denarios
837 2498 1046 2542 ducentos
1065 2501 1403 2562 quinquaginta,
1428 2520 1537 2563 quos

162 2577 346 2639 singulis
374 2579 568 2622 convivis
595 2577 818 2635 dederam,
847 2580 881 2622 si
912 2578 1071 2623 vellent
1102 2581 1213 2624 inter
1242 2598 1284 2624 se
1313 2582 1424 2626 inter
1453 2599 1538 2627 coe·

166 2673 265 2702 nam
292 2656 358 2702 vel
382 2656 479 2703 talis
503 2656 569 2702 vel
598 2675 675 2720 par
699 2659 838 2720 impar
860 2658 1059 2704 ludere.»
1085 2663 1135 2704 In
1161 2662 1314 2705 ceteris
1341 2663 1535 2722 partibus
