1988 3439
589 275 833 311 OCTAVIUS
855 273 1126 309 AUGUSTUS*
1494 276 1513 309 8
1521 288 1539 320 7

170 375 308 419 neque
335 377 383 403 ex
411 374 628 419 quoquam
654 357 750 418 plus
776 356 954 401 denario
975 356 1208 400 auferente.
1235 356 1541 403 Revertentem

169 457 219 483 ex
245 441 467 501 provincia
496 455 583 482 non
609 437 750 481 solum
781 438 931 482 faustis
956 438 1196 493 ominibus,
1222 437 1295 481 sed
1319 449 1360 482 ct
1389 439 1543 483 modu·

170 519 265 564 latis
287 519 552 565 carminibus
573 519 964 579 prosequebantnr.
987 519 1282 563 Observatum
1304 519 1435 562 etiam
1458 530 1545 575 est,

169 616 243 657 ne,
280 601 446 661 quoties
483 599 683 643 introiret
720 599 909 656 Urbem,
947 597 1211 660 supplicium
1243 597 1296 642 de
1325 615 1544 660 quoquam

169 689 422 724 sumeretur.

231 761 386 804 LVIII.
426 761 567 804 Patris
606 760 755 820 patriae
796 775 1040 820 cognomen
1083 760 1274 803 universi
1316 761 1546 821 repentino

168 841 441 901 maximoque
467 856 681 884 consensu
710 838 963 883 detulerunt
995 841 1046 883 ei.
1082 840 1228 884 Prima
1260 839 1406 901 plebs,
1434 841 1548 904 lega-

169 923 284 965 tione
310 921 492 965 Antium
518 921 646 964 missa
674 937 681 963 :
709 920 830 977 dein,
854 920 956 980 quia
982 937 1069 964 non
1098 920 1354 982 recipiebat,
1382 922 1548 966 ineunti

167 1004 315 1045 Romae
347 999 593 1062 spectacula
628 1001 833 1062 frequens
869 1010 911 1044 ct
948 1000 1140 1045 laureata
1176 1018 1184 1044 :
1217 1018 1315 1045 mox
1351 1002 1392 1045 in
1429 1003 1549 1046 curia

166 1092 369 1137 senatus,
400 1098 538 1142 neque
577 1081 779 1138 decreto,
819 1098 960 1142 neque
995 1081 1335 1139 acclamatione,
1369 1082 1441 1126 sed
1474 1100 1550 1144 per

166 1161 390 1206 Valerium
422 1161 666 1206 Messalam.
702 1165 771 1219 Is,
806 1162 1118 1206 mandantibus
1150 1165 1348 1220 cunctis,
1381 1164 1550 1220 «Quod

167 1243 355 1297 bonum,
374 1262 394 1282 »
422 1243 591 1302 inquit,
621 1243 936 1304 «faustumque
964 1244 1015 1286 sit
1046 1243 1145 1299 tibi,
1173 1242 1412 1303 domuique
1442 1254 1547 1296 tuae,

165 1326 310 1368 Caesar
330 1326 527 1383 Auguste
549 1340 557 1366 :
580 1325 640 1366 sic
667 1324 781 1366 enim
809 1340 886 1366 nos
909 1333 1167 1383 perpetuam
1197 1323 1444 1367 felicitatem
1472 1326 1552 1367 rci-

165 1402 349 1463 publicae
383 1412 425 1446 et
459 1401 555 1446 laeta
586 1403 688 1446 huic
717 1404 886 1463 precari
911 1403 1211 1446 existimamus
1242 1422 1249 1445 :
1283 1413 1458 1447 senatus
1489 1414 1549 1460 tc,

163 1484 439 1527 consentiens
479 1499 579 1526 cum
623 1482 786 1544 populo
825 1485 1049 1539 Romano,
1089 1482 1333 1527 consalutat
1376 1500 1552 1528 PssxTniAE

164 1580 395 1608 PATREM.»
416 1565 499 1608 Cui
527 1563 770 1625 lacrymans
800 1564 1027 1625 respondit
1058 1568 1284 1626 Augustus
1314 1566 1380 1609 his
1411 1565 1552 1608 verbis

163 1646 177 1698 {J
197 1645 288 1705 ipsa
325 1646 470 1700 enim,
506 1646 617 1689 sicut
651 1644 874 1699 Messalae,
912 1647 1067 1707 posui)
1102 1664 1110 1689 ε
1147 1647 1376 1707 «Compos
1412 1645 1552 1689 factus

163 1736 368 1770 votorum
395 1743 621 1782 meorum,
652 1736 796 1787 patres
825 1727 1088 1788 conscripti,
1117 1727 1236 1788 quod
1265 1727 1405 1771 liabeo
1433 1726 1551 1771 aliud

163 1809 280 1850 Deos
322 1806 589 1850 immortales
632 1809 825 1867 precari,
868 1824 1000 1867 quam
1046 1818 1090 1851 ut
1129 1808 1246 1852 hune
1288 1825 1552 1852 consensum

166 1898 358 1931 vestrum
380 1887 435 1931 ad
458 1887 661 1931 ultimum
687 1889 782 1931 vitae
804 1887 933 1931 finem
957 1889 1060 1932 mihi
1086 1888 1276 1949 perferre
1298 1888 1489 1933 liceat?»

228 1970 345 2012 LIX.
384 1968 559 2012 Medico
587 1969 777 2012 Antonio
806 1970 964 2023 Musae,
991 1970 1115 2029 cujus
1138 1986 1269 2029 opera
1296 1987 1346 2012 ex
1374 1971 1552 2031 ancipiti

168 2049 321 2092 morbo
351 2047 632 2093 convaluerat
652 2084 663 2105 ‚
695 2060 884 2093 statuam
919 2066 1001 2093 aere
1037 2048 1197 2093 collato
1221 2051 1348 2109 juxta
1379 2051 1551 2110 signum

168 2128 402 2189 AEsculapii
429 2140 691 2174 statuerunt.
724 2129 937 2174 Nonnulli
967 2140 1142 2191 patrum
1176 2130 1442 2174 familiarum
1475 2140 1556 2174 tes—

166 2218 365 2254 tamento
396 2221 632 2266 caverunt,
665 2221 713 2254 ut
741 2211 794 2254 al)
826 2210 1058 2254 heredibus
1091 2211 1178 2253 suis
1214 2210 1392 2270 praelato
1425 2210 1554 2255 titulo

169 2291 354 2334 victima:
391 2290 434 2333 in
474 2289 745 2350 Capitolium
785 2290 1076 2346 ducerentur,
1115 2300 1354 2350 votumque
1395 2309 1474 2352 pro
1512 2309 1554 2335 se

168 2370 429 2425 solveretur,
459 2386 585 2423 Quoo
612 2386 916 2414 SUPERSTl'rEM
947 2385 1191 2415 AucusTuM
1217 2387 1549 2424 ninaouissmT.

169 2450 385 2507 Quaedam
409 2449 544 2494 Italiae
567 2451 764 2494 civitates
787 2449 923 2506 diem,
948 2468 1036 2510 quo
1059 2451 1249 2511 primum
1273 2451 1325 2493 ad
1348 2468 1391 2493 se
1413 2452 1552 2495 venis-

169 2541 254 2587 set,
277 2532 449 2575 initium
471 2533 574 2575 anni
596 2532 804 2576 fecerunt.
829 2532 1160 2575 Provinciarum
1187 2530 1400 2590 pleraeque
1422 2548 1553 2591 snper

172 2610 334 2672 templa
358 2621 396 2655 ct
424 2615 539 2666 aras,
568 2610 691 2655 ludos
717 2629 890 2673 quoquc
916 2610 1261 2672 quinquennales
1285 2627 1404 2671 paene
1428 2613 1552 2672 oppi-

173 2691 307 2734 ‹latim
337 2693 672 2736 constituerunt.
