1971 3342
359 288 427 332 ¹94
973 269 1124 305 NOTAE

414 358 593 404 Suprema
615 353 775 400 judicia.
808 351 893 387 Scil.
920 355 1160 393 testamenta,
1181 352 1222 381 ut
1253 345 1290 379 in
1314 344 1396 379 Val.
1420 343 1520 377 Max.
1539 370 1548 387 ,
1572 352 1652 385 vu,
1682 351 1703 385 7
1735 351 1744 375 2

359 438 377 454 κ
392 423 582 467 Augustus
605 426 779 464 suprema
797 412 941 460 judicia
958 409 1200 458 improbavit.
1215 425 1228 439 »

419 481 628 515 Verborum.
643 476 796 514 Amicos
817 475 914 510 enim
932 473 1108 510 laudibus
1126 467 1307 518 prosequi
1320 469 1378 503 vel
1392 464 1599 502 maledictis
1619 471 1750 513 tyran-

358 558 428 581 nos
454 550 489 579 et
510 554 641 578 eorum
660 539 798 575 amicos
819 549 976 573 onerare
996 536 1033 571 in
1064 530 1290 570 testamentis
1318 532 1509 566 Romanos
1534 528 1655 563 solere
1673 525 1749 572 jam

359 605 586 643 monuimus.

414 670 566 704 Eorum.
591 665 645 701 Cf.
668 666 805 707 D10N.⁷
832 674 914 705 LVI,
933 673 970 707 p.
995 658 1081 707 591.

417 731 504 767 CM).
523 728 680 764 LXVII.
701 726 886 760 Patronus
905 723 1158 768 dominusque.
1184 740 1235 747 --
1262 719 1449 753 Patronus
1477 714 1651 757 libertos,
1679 710 1754 747 do-

364 793 486 830 minus
511 803 633 826 servos
654 793 807 835 spectat.

418 855 731 901 Dispensatorem.
753 850 796 884 H,
814 860 846 883 e.
870 845 937 894 qui
963 845 1017 880 rei
1041 842 1233 880 familiaris
1255 841 1420 877 rationes
1440 835 1700 886 dispensabat,
1720 841 1756 869 et

365 917 533 966 pecuniae
554 926 680 950 curam
699 911 875 946 habebat.

420 983 455 1015 A
475 992 558 1027 quo,
588 978 732 1022 Nempe
761 971 947 1008 Diomede
974 971 1033 1006 vel
1062 968 1202 1005 vitante
1231 965 1313 1014 apri
1342 964 1554 1008 incursum,
1583 963 1643 998 vel
1668 961 1758 1009 fuga

368 1043 562 1078 deserente
582 1041 804 1085 Augustum.

422 1106 458 1139 A
477 1115 602 1137 manu.
628 1098 720 1145 Quis
740 1098 880 1133 dictum
902 1106 1016 1141 supra
1035 1094 1073 1128 in
1095 1093 1211 1134 Coes.‚
1234 1103 1382 1126 Lxxvn.

424 1165 562 1213 Fregit.
585 1184 637 1190 —
664 1159 933 1207 Crto-{fragilita
959 1156 1156 1192 dicebatur
1183 1151 1409 1200 supplicium
1433 1150 1548 1196 illud,
1577 1159 1655 1196 quo
1679 1158 1761 1182 ser-

370 1240 506 1263 vorum
533 1237 641 1261 crura
668 1222 904 1272 frangebant.
929 1222 1078 1264 Senem,
1103 1219 1149 1252 (le
1173 1218 1256 1259 Ira,
1287 1228 1333 1249 111
1351 1243 1360 1261 ,
1384 1215 1432 1249 32
1457 1226 1466 1249 :
1496 1229 1511 1245 «
1532 1209 1636 1257 Quid
1665 1220 1763 1257 pro·

371 1302 545 1338 peramus
564 1287 763 1322 verberare
785 1284 925 1328 statim,
955 1293 1065 1318 crura
1083 1278 1258 1327 protinus
1278 1274 1480 1325 frangere?
1501 1290 1516 1307 »

427 1355 469 1387 In
484 1351 644 1398 flumen.
663 1347 790 1393 ‘Quod
814 1345 932 1382 Graeci
958 1344 1145 1380 vocabant
1167 1346 1442 1390 χαταπωτισμός,
1474 1336 1533 1373 Sic
1557 1334 1696 1380 Tacit.,
1728 1332 1766 1368 in

376 1416 520 1456 Gemm,
543 1426 601 1448 ΧΠ
616 1439 625 1457 ,
647 1424 667 1447 2
690 1424 698 1446 :
718 1427 732 1442 «
753 1411 934 1458 Ignavos,
956 1414 991 1442 et
1011 1405 1198 1449 imbelles,
1224 1409 1259 1437 et
1280 1413 1444 1449 corpore
1463 1398 1636 1443 infames,
1658 1407 1766 1432 coeno

374 1489 415 1512 ac
442 1475 606 1523 palude,
633 1473 770 1519 injecta
796 1471 950 1518 insuper
970 1475 1091 1511 crate,
1115 1471 1300 1513 mergunt.
1321 1480 1337 1496 »

429 1539 514 1574 Cn.
535 1536 713 1572 LXVIII.
748 1534 892 1569 Orbem.
914 1531 1045 1567 Ludus
1065 1536 1118 1564 est
1147 1527 1184 1561 in
1205 1525 1347 1573 duplici
1373 1536 1483 1560 sensu
1509 1519 1687 1558 vocabuli
1706 1531 1769 1554 ον-

377 1602 482 1642 bem,
516 1598 623 1647 quod
645 1595 820 1644 tympani
847 1594 992 1633 orbem,
1027 1604 1047 1626 a
1075 1591 1184 1625 Gallo
1210 1589 1421 1636 pulsatum,
1450 1582 1705 1635 significabat,
1734 1587 1770 1615 et

378 1661 671 1698 convertebatur
690 1671 710 1694 a
728 1658 874 1705 populo
896 1655 934 1691 in
956 1652 1221 1690 contumeliam
1242 1648 1406 1699 Augusti
1419 1647 1486 1696 qui
1504 1647 1629 1682 orbem
1648 1653 1768 1679 term—

378 1737 456 1759 rum
470 1723 621 1759 tenebat
641 1719 813 1768 imperio.

433 1788 520 1822 Cn.
544 1784 685 1820 LXIX.
707 1781 928 1818 Itzcomtlore
955 1779 1108 1826 capillo.
1138 1778 1194 1811 Ita
1222 1776 1379 1817 Juven.‚
1398 1785 1464 1817 xi,
1494 1770 1563 1815 187
1591 1781 1601 1804 ε

521 1892 722 1930 Vexatasque
735 1896 856 1924 comas,
873 1892 903 1916 et
918 1885 1039 1915 vultum
1057 1892 1229 1923 auremque
1245 1886 1421 1912 canentem.

437 1990 684 2027 Condiciones.
704 1989 751 2023 H.
773 1999 804 2022 e.
825 1992 975 2033 stupra,
1001 1991 1043 2019 ut
1065 1984 1141 2019 Cic.
1160 1995 1231 2030 pro
1262 1981 1375 2022 Coel.,
1399 1991 1446 2014 xv
1468 1991 1475 2013 :
1496 1994 1511 2008 «
1532 1975 1659 2012 Habes
1677 1974 1773 2009 hor—

385 2062 442 2090 tos
468 2053 516 2089 ad
546 2051 736 2095 Tiberim,
765 2061 844 2096 quo
878 2047 999 2082 omnis
1015 2046 1195 2093 juventus
1225 2041 1380 2078 natandi
1402 2051 1512 2075 causa
1538 2037 1652 2073 venit.
1681 2034 1778 2071 Hinc

386 2117 472 2152 licet
491 2112 732 2150 conditiones
760 2109 933 2158 quotidie
954 2109 1066 2157 legas.
1085 2124 1099 2138 »
1127 2106 1182 2143 Cf.
1203 2107 1402 2148 TERENT.,
1422 2101 1542 2137 Andr.
1556 2126 1566 2142 ‚
1589 2111 1626 2143 1,
1648 2110 1684 2143 1,
1716 2094 1778 2132 52.

440 2177 637 2226 Reginam.
669 2173 755 2209 Scil.
786 2173 1050 2219 Cleopatram,
1080 2181 1147 2204 seu
1170 2165 1406 2209 Terentiam,
1432 2159 1648 2198 Maecenatis
1678 2169 1781 2193 uxo-

388 2252 489 2285 rem,
516 2238 563 2274 de
583 2249 658 2285 qua
678 2235 774 2281 Dio,
801 2247 884 2279 LIV,
908 2245 946 2281 p.
970 2232 1018 2267 33
1043 2245 1050 2266 ἰ
1072 2236 1140 2270 Καί
1167 2248 1248 2273 τινες
1278 2232 1334 2267 καὶ
1353 2229 1412 2265 διὰ
1440 2230 1497 2267 τὴν
1523 2227 1694 2274 Τερεντίαν
1722 2226 1779 2262 τὴν

388 2312 444 2342 τοῦ
472 2306 642 2342 Momm-rivom
668 2305 808 2350 γυναῖκα
835 2298 1053 2346 ἀποδημῆσαι
1081 2299 1175 2332 αὐτὸν
1204 2297 1431 2331 butria-:noas
1460 2292 1497 2325 ἵν’
1517 2286 1652 2324 ἐπειδὰν
1677 2285 1782 2321 πολλὰ

390 2369 462 2417 περὶ
487 2370 591 2403 αὐτῶν
613 2368 642 2401 ἐν
663 2371 704 2412 τῇ
726 2360 823 2411 ῥώμῃ
849 2363 1085 2409 ἑλογοποιεῖτο,
1110 2361 1184 2394 ἄνευ
1203 2362 1274 2403 θροῦ
1288 2358 1369 2394 τινὸς
1389 2357 1418 2388 ἰν
1439 2358 1479 2399 τῇ
1500 2349 1686 2397 ἀλλοδημίᾳ
1700 2350 1782 2394 αὐτῇ

393 2436 480 2477 συνῇ.

445 2490 532 2523 CAP.
554 2486 675 2522 LXX.
701 2483 894 2520 secretior.
915 2483 959 2518 In
979 2479 1110 2516 intima
1130 2479 1228 2514 enirn
1249 2477 1384 2512 domus
1414 2480 1524 2522 parte
1551 2470 1780 2519 parabamus

394 2548 667 2587 luxuriosiores
696 2558 814 2582 coenae
833 2543 936 2593 apud
961 2550 1118 2578 veteres.
1145 2540 1335 2584 Juvena1.‚
1358 2550 1390 2582 1,
1410 2541 1460 2584 94
1483 2548 1490 2569 :

867 2672 874 2677 .
899 2657 905 2676 :
929 2671 934 2676 .
958 2671 963 2676 .
985 2644 1050 2684 Qui
1065 2642 1183 2674 fercula
1197 2647 1315 2684 septem

538 2709 667 2738 Secreto
681 2704 814 2736 coenavit
830 2713 915 2733 avus.
