1988 3439
611 213 857 250 OCTAVIUS
888 211 1160 247 AUGUSTUS.
1524 211 1543 248 5
1552 212 1570 248 5

187 297 253 342 dis
279 299 478 343 absentes
507 297 674 342 deferre
703 296 871 340 statuit.
903 294 1053 339 Ludos
1082 304 1227 338 autern
1259 296 1450 341 victoriae
1477 298 1572 342 Cae-

187 381 294 424 saris
317 398 406 425 non
431 378 693 424 audentibus
715 378 876 434 facere,
900 378 1058 438 quibus
1080 376 1298 438 obtigerat
1322 379 1364 422 id
1388 396 1571 438 munus,

188 463 279 523 ipse
300 461 448 506 edidit.
473 464 527 505 Et
551 477 639 521 quo
660 461 935 505 constantius
955 468 1099 504 cetera
1119 476 1294 520 quoque
1319 476 1573 522 exsequere-

187 552 280 599 tur,
305 543 349 586 in
376 541 523 587 locum
549 541 713 585 tribuni
742 539 880 602 plebis
904 540 1015 585 forte
1044 539 1265 584 demortui
1289 540 1571 587 candidatum

188 620 480 686 [petitorem]
510 639 553 666 se
581 621 794 678 ostendit,
823 638 1094 682 quamquam
1119 622 1354 682 patriciUS,
1384 622 1570 670 necdum

187 712 374 748 senator.
398 703 483 748 Sed
509 702 769 748 adversante
793 703 1024 746 conatibus
1049 703 1138 746 suis
1160 704 1224 746 M.
1248 703 1446 747 Antonio
1468 720 1573 747 con-

187 782 301 838 sule,
327 800 458 844 quem
485 783 548 828 vel
573 784 844 845 praecipuum
873 783 1119 844 adjutorem
1146 794 1414 844 speraverat,
1445 801 1494 828 ac
1521 801 1574 829 ne

186 863 417 927 publicum
439 864 615 925 quidem
637 875 680 909 et
705 864 1021 909 translaticium
1040 864 1112 925 jus
1135 863 1224 908 ulla
1246 865 1289 907 in
1312 881 1357 908 re
1379 865 1459 908 sibi
1482 866 1574 909 sine

187 947 393 1007 pactione
412 946 677 1007 gravissimae
700 945 913 990 mercedis
938 946 1235 1007 impertiente,
1263 945 1317 989 ad
1340 946 1574 1007 optimates

188 1044 234 1071 se
251 1026 461 1083 contulit;
481 1027 641 1086 quibus
661 1044 761 1071 eum
788 1028 977 1070 invisum
998 1027 1230 1082 sentiebat,
1250 1027 1438 1071 maxime
1456 1026 1574 1087 quod

187 1109 421 1152 Decimum
443 1110 631 1152 Brutum
650 1109 875 1152 obsessum
891 1109 1099 1165 Mutinae,
1118 1109 1347 1169 provincia
1365 1125 1388 1152 a
1406 1111 1575 1153 Caesare

187 1186 318 1242 data,
351 1198 395 1232 et
426 1205 503 1249 per
543 1197 743 1232 senatum
778 1188 1062 1245 confirmata,
1092 1188 1308 1249 expellere
1341 1190 1472 1233 arinis
1508 1190 1574 1233 ni-

189 1277 366 1312 teretur.
406 1269 698 1312 Hortantibus
736 1269 883 1329 itaque
924 1267 1178 1325 nonnullis,
1217 1286 1496 1331 percussores
1536 1272 1574 1313 ei

187 1349 472 1405 subornavit,
506 1365 555 1392 ac
588 1349 740 1392 fraude
773 1349 1071 1409 deprehensa,
1108 1350 1353 1409 periculum
1388 1351 1574 1396 invicem

188 1440 412 1486 metuens,
449 1440 678 1474 veteranos
707 1429 837 1474 simul
867 1431 910 1472 in
937 1446 1065 1473 suum
1091 1446 1139 1473 ac
1167 1429 1420 1491 reipublicae
1452 1434 1575 1476 auxi-

188 1510 324 1570 lium,
365 1521 530 1573 quanta
573 1513 718 1572 potuit
761 1510 1022 1573 largitione,
1064 1512 1296 1556 contraxit.
1338 1514 1576 1574 Jussusque

186 1603 442 1654 comparato
465 1593 673 1637 exercitui
699 1602 970 1654 propraetore
997 1608 1200 1653 praeesse,
1229 1602 1273 1636 et
1301 1608 1401 1636 cum
1431 1593 1575 1637 Hirtio

188 1691 239 1718 ac
272 1677 441 1730 Pansa,
477 1676 552 1735 qui
589 1673 866 1718 consulatum
901 1683 1185 1734 acceperant,
1219 1674 1404 1718 Decimo
1436 1676 1576 1718 Bruto

187 1772 318 1818 opem
348 1756 485 1813 serre,
516 1755 830 1800 demandatum
858 1754 1024 1800 bellum
1052 1756 1181 1799 tertio
1213 1771 1360 1799 mense
1387 1755 1576 1800 confecit

188 1836 363 1881 duobus
388 1836 565 1898 proeliis.
593 1839 746 1881 Priore
771 1838 988 1882 Antonius
1014 1853 1116 1880 eum
1142 1835 1303 1896 fugisse
1329 1836 1502 1893 scribit,
1526 1854 1576 1882 ac

188 1919 282 1963 sine
308 1917 623 1980 paludamento
653 1935 854 1978 equoque
887 1927 986 1978 post
1016 1915 1200 1960 biduum
1233 1916 1409 1960 demum
1439 1934 1575 1978 appa-

189 2001 325 2045 ruisse
360 2018 369 2044 :
406 2000 629 2061 sequenti,
663 2000 766 2043 satis
799 2008 996 2055 constat,
1030 2014 1118 2042 non
1155 1997 1286 2041 modo
1319 1997 1465 2055 ducis,
1503 1999 1577 2042 sed

189 2082 322 2126 etiam
346 2080 495 2125 militis
523 2082 726 2125 functum
755 2097 963 2136 munere,
993 2089 1123 2140 atque
1152 2080 1194 2122 in
1224 2077 1366 2122 media
1392 2078 1576 2123 dimica-

190 2162 332 2214 tione,
361 2160 592 2222 aquilifero
624 2160 807 2222 legionis
839 2178 925 2205 suae
957 2161 1148 2222 graviter
1185 2160 1357 2216 saucio,
1384 2159 1576 2220 aquilam

192 2241 386 2286 humeris
413 2242 597 2298 subisse,
626 2242 789 2302 diuque
815 2251 1025 2302 portasse.

255 2324 332 2366 XI.
371 2325 463 2366 Hoc
483 2320 599 2365 bello
619 2337 755 2381 quum
777 2322 945 2364 Hirtius
968 2323 1012 2363 in
1036 2320 1148 2376 acie,
1167 2322 1309 2364 Pansa
1328 2317 1459 2380 paulo
1480 2329 1577 2380 post

193 2419 245 2447 ex
280 2400 459 2446 vulnere
493 2402 729 2461 perissent,
770 2416 922 2443 rumor
955 2400 1221 2455 increbruit,
1258 2400 1409 2443 ambos
1442 2415 1575 2459 opera

193 2484 288 2544 ejus
317 2484 508 2537 occisos,
542 2491 616 2538 ut,
643 2481 836 2525 Antonio
865 2480 1038 2540 fugato,
1069 2478 1292 2539 republica
1321 2477 1574 2522 consulibus

195 2563 370 2619 orbata,
392 2560 509 2622 solus
532 2562 670 2604 victor
692 2570 779 2604 tres
804 2561 1018 2604 exercitus
1039 2567 1284 2618 occuparet.
1310 2559 1458 2601 Pausae
1482 2559 1576 2618 qui-

198 2643 296 2688 dem
320 2642 426 2687 adeo
458 2650 655 2701 suspecta
685 2658 802 2685 mors
833 2640 932 2696 fuit,
965 2650 1010 2682 ut
1040 2637 1178 2698 Glyco
1211 2637 1402 2681 medicus
1431 2647 1574 2681 eusto-
