1971 3342
377 200 425 237 50
909 195 947 231 c,
981 197 1215 232 sUETown

373 280 426 324 ad
451 297 626 340 poenam
657 279 971 341 deposcerent,
1001 281 1118 325 haud
1155 291 1417 326 cunctanter
1454 281 1686 342 oppressit.
1715 283 1767 325 In

372 362 438 405 his
462 363 514 406 A.
537 361 761 405 Caecinam
780 360 1058 405 consularem
1078 363 1244 418 virum,
1270 372 1476 406 vocatum
1501 361 1555 406 ad
1579 379 1768 418 coenam,

371 460 420 487 ac
450 442 630 486 vixdum
662 441 856 487 triclinio
883 459 1130 504 egressum,
1159 443 1337 489 confodi
1364 444 1492 505 jussit
1527 462 1536 488 :
1563 460 1667 488 sane
1690 461 1766 489 ur-

373 533 504 586 gente
526 522 806 577 discrimine,
837 540 974 584 quum
1002 525 1133 568 etiam
1161 525 1505 587 chirographum
1534 525 1629 586 ejus
1654 542 1768 586 prae-

373 614 540 668 paratae
572 604 690 665 apud
726 602 888 649 milites
918 606 1146 650 concionis
1185 605 1559 667 deprehendisset.
1593 605 1770 664 Quibus

375 686 507 730 rebus
536 686 650 730 sicut
687 687 730 729 in
770 696 1000 747 posterum
1037 687 1264 731 securitati
1303 688 1405 731 satis
1443 687 1581 742 cavit,
1620 687 1679 731 ita
1715 686 1770 730 ad

373 784 563 828 praesens
598 766 843 829 plurimum
880 768 1099 812 contraxit
1134 767 1311 812 invidiae
1350 785 1358 811 :
1398 777 1446 812 ut
1486 785 1574 812 non
1607 777 1771 812 temere

374 849 470 909 quis
504 858 590 892 tam
632 848 816 892 adverso
853 865 1058 905 rumore,
1092 849 1322 911 magisque
1354 849 1504 893 invitis
1535 848 1769 904 omnibus,

371 931 598 975 transierit
624 930 678 974 ad
704 930 1019 992 principatum.

437 1013 539 1055 VII.
567 1013 732 1055 Praeter
765 1011 975 1056 saevitiam
1011 1022 1211 1073 suspecta
1246 1014 1290 1056 in
1332 1028 1384 1056 eo
1420 1012 1554 1056 etiam
1594 1009 1770 1055 luxuria

369 1102 485 1148 erat,
513 1091 633 1153 quod
658 1090 712 1134 ad
732 1090 925 1136 mediam
952 1103 1124 1137 noctem
1145 1093 1477 1137 comissationes
1496 1108 1595 1136 cum
1618 1091 1770 1153 profu-

368 1175 539 1218 sissimo
579 1188 757 1233 quoque
795 1171 1079 1217 familiarium
1110 1172 1382 1217 extenderet.
1421 1174 1512 1218 Nec
1543 1172 1691 1216 minus
1724 1171 1773 1216 li-

368 1254 473 1299 bido
489 1290 500 1309 ,
532 1263 712 1315 propter
732 1252 1006 1298 exoletorum
1023 1264 1065 1298 et
1081 1253 1330 1315 spadonum
1354 1270 1536 1316 greges,
1564 1261 1770 1315 propter-

368 1352 456 1397 que
493 1336 711 1397 insignem
755 1335 917 1396 reginae
959 1335 1190 1379 Berenices
1238 1351 1433 1379 amorem
1455 1369 1467 1391 ,
1522 1335 1592 1379 cui
1640 1334 1771 1378 etiam

372 1417 550 1479 nuptias
574 1414 799 1477 pollicitus
827 1414 1064 1460 ferebatur.
1086 1417 1297 1477 Suspecta
1317 1425 1361 1460 et
1384 1416 1624 1477 rapacitas3
1651 1414 1772 1476 quod

372 1497 622 1552 constabat,
648 1497 691 1540 in
721 1497 1050 1558 cognitionibus
1078 1497 1216 1559 patris
1253 1495 1493 1540 nundinari
1528 1496 1771 1558 praemiari-

369 1595 455 1640 que
482 1577 676 1622 solitum.
705 1578 910 1638 Denique
934 1577 1164 1640 propalam
1192 1577 1328 1622 alium
1351 1578 1580 1622 Neronem
1607 1586 1651 1621 et
1673 1578 1772 1638 opi·

369 1659 607 1716 nabantur⁷
634 1667 676 1701 ct
704 1657 1019 1719 praedicabant.
1051 1661 1108 1704 At
1134 1657 1196 1703 illi
1218 1675 1267 1703 ea
1295 1658 1409 1703 sama
1435 1675 1517 1720 pro
1539 1658 1658 1702 bono
1681 1674 1769 1702 ces-

369 1742 444 1796 sit,
473 1755 777 1800 conversaque
802 1748 867 1783 est
888 1740 932 1783 in
955 1741 1168 1784 maximas
1190 1738 1364 1797 laudes,
1390 1755 1535 1800 neque
1550 1739 1660 1783 vitio
1682 1737 1773 1782 ullo

368 1831 570 1884 reperto,
601 1832 644 1864 et
670 1830 823 1864 contra
853 1821 1090 1865 virtutibus
1114 1822 1311 1865 summis.
1339 1820 1557 1865 Convivia
1578 1820 1771 1864 instituit

366 1901 567 1964 jucunda
597 1902 755 1963 inagis,
796 1918 929 1962 quam
964 1901 1159 1964 profusa.
1201 1902 1381 1946 Amicos
1417 1899 1570 1962 elegit,
1606 1900 1769 1961 quibus

369 1984 501 2028 etiam
524 1993 625 2045 post
649 1999 751 2027 eum
783 1984 1028 2045 principes,
1069 1993 1117 2027 ut
1149 1993 1192 2027 et
1225 1983 1307 2026 sibi
1340 1992 1384 2026 et
1414 1980 1669 2043 reipublicae
1694 1997 1773 2024 ne-

371 2065 595 2120 cessariis,
628 2065 971 2125 acquieverunt,
1010 2064 1321 2125 praecipueque
1350 2073 1454 2107 sunt
1481 2063 1560 2107 usi.
1596 2062 1775 2106 Bereni-

374 2163 454 2190 cen
480 2145 630 2189 statim
659 2144 714 2188 ab
740 2144 863 2190 Urbe
892 2144 1077 2201 dimisit,
1108 2145 1271 2189 invitus
1309 2145 1506 2188 invitam.
1540 2142 1771 2201 Quosdam

371 2244 393 2270 e
428 2226 687 2288 gratissimis
715 2224 1026 2282 delicatorum,
1055 2242 1324 2287 quamquam
1354 2235 1443 2270 tam
1473 2224 1663 2270 artifices
1691 2221 1773 2267 sal-

371 2308 576 2360 tationis,
611 2317 661 2350 ut
693 2323 795 2351 mox
830 2323 1007 2351 scenam
1049 2307 1296 2362 tenuerint,
1331 2323 1421 2351 non
1455 2305 1590 2350 modo
1625 2304 1774 2349 fovere

372 2387 616 2450 prolixius,
644 2387 719 2431 sed
746 2398 944 2450 spectare
973 2389 1159 2433 omnino
1192 2389 1234 2432 in
1267 2387 1447 2450 publico
1478 2396 1594 2431 coetu
1620 2401 1772 2447 super·

378 2468 503 2513 sedit.
530 2468 655 2514 Nulli
685 2470 849 2514 civium
875 2469 1118 2531 quidquam
1143 2469 1309 2514 ademit
1334 2487 1343 2513 :
1370 2468 1585 2513 abstinuit
1608 2465 1773 2521 alieno,

374 2560 420 2593 nt
448 2551 482 2594 si
509 2551 608 2611 quis
640 2568 834 2612 unquam
865 2570 874 2595 :
908 2568 957 2596 ac
985 2568 1037 2594 ne
1069 2567 1295 2595 concessas
1324 2549 1503 2611 quidem
1541 2565 1590 2592 ac
1619 2546 1770 2591 solitas

379 2629 635 2675 collationes
667 2620 846 2693 recepit.
868 2634 923 2676 Et
947 2642 1091 2675 tamen
1120 2632 1295 2675 nemine
1318 2641 1419 2674 ante
1444 2647 1488 2673 se
1513 2626 1776 2672 munificen-
