1971 3342
377 239 423 283 76
911 240 950 275 c,
979 239 1213 275 SUETOMI

375 321 448 382 plo
484 321 639 366 Flaviae
666 324 809 384 gentis
841 321 951 367 clam
978 322 1144 379 intulit,
1169 322 1476 382 cineribusque
1503 319 1646 376 Juliae‚
1671 320 1757 364 Titi

379 400 499 457 filiae,
520 419 651 462 quam
674 414 716 447 et
741 404 832 464 ipsa
855 403 1086 459 educarat,
1112 403 1399 447 commiscuit.

439 484 605 527 XVIII.
644 486 817 529 Statura
848 483 931 528 fuit
968 501 1171 545 procera,
1206 482 1330 527 vultu
1360 481 1586 538 modesto,
1620 482 1755 525 rubo-

374 563 520 623 risque
545 562 700 624 pleno,
726 564 965 625 grandibus
988 563 1144 620 oculis,
1170 581 1321 608 verum
1359 564 1450 608 acie
1492 562 1717 607 hebetiore
1750 579 1759 605 :

375 653 583 703 praeterea
609 643 794 705 pulcher
813 661 863 688 ac
889 644 1045 688 decens
1062 679 1073 701 ‚
1096 646 1285 688 maxime
1304 646 1347 688 in
1365 645 1571 704 juventa,
1592 652 1635 686 et
1659 643 1760 703 qui-

378 723 476 767 dem
500 733 594 768 toto
621 741 828 785 corpore,
850 726 1044 786 exceptis
1064 725 1270 786 pedibus,
1294 741 1483 785 quorum
1509 723 1669 785 digitos
1693 740 1761 767 re-

375 806 613 849 strictiores
640 806 850 862 habebat;
879 816 1029 868 postea
1058 805 1234 850 calvitio
1263 823 1437 867 quoque
1463 805 1691 861 deformis,
1716 814 1760 848 et

378 885 589 929 obesitate
615 888 803 944 ventris,
834 897 875 931 et
911 904 1090 931 crurum
1123 885 1363 949 gracilitate
1391 904 1400 930 ι
1427 903 1524 946 quae
1548 895 1694 930 tamen
1721 886 1760 928 ei

377 965 627 1010 valetudine
648 966 778 1028 longa
798 977 1136 1012 remacruerant.
1159 966 1471 1013 Commendari
1490 983 1534 1011 se
1552 982 1760 1010 verecun-

377 1046 449 1090 dia
478 1047 565 1091 oris
594 1047 700 1091 adeo
727 1048 968 1105 sentiebat,
997 1058 1046 1092 ut
1075 1047 1190 1109 apud
1217 1057 1417 1092 senatum
1444 1047 1504 1091 sic
1534 1045 1758 1107 quondam

373 1127 603 1186 jactaverit
628 1145 637 1171 ε
667 1130 861 1188 «Usque
890 1127 1034 1172 adhuc
1062 1139 1178 1172 certe
1202 1129 1396 1171 animum
1424 1142 1571 1170 meum
1599 1126 1761 1187 proba-

377 1208 474 1264 stis,
505 1217 547 1252 et
572 1207 798 1252 vultum.»
823 1207 1014 1253 Calvitio
1037 1209 1096 1252 ita
1119 1208 1438 1262 offendebatur,
1464 1217 1514 1251 ut
1537 1208 1581 1251 in
1608 1216 1762 1261 contu-

375 1286 552 1332 meliam
585 1305 707 1333 suam
735 1289 953 1346 traheret,
987 1290 1021 1332 si
1048 1290 1118 1333 cui
1147 1288 1219 1333 alii
1245 1290 1345 1349 joco
1372 1287 1437 1332 vel
1462 1288 1610 1350 jurgio
1638 1287 1761 1348 obje-

374 1379 588 1425 ctaretur;
619 1371 816 1430 quamvis
841 1368 1008 1426 libello,
1035 1387 1165 1430 quem
1191 1370 1244 1415 de
1270 1371 1388 1415 Cara
1414 1369 1677 1432 capillorum
1707 1368 1760 1412 ad

375 1451 565 1494 amicum
584 1450 742 1506 edidit,
769 1451 860 1495 haec
884 1452 1036 1509 etiam,
1059 1451 1187 1495 simul
1210 1451 1332 1495 illum
1356 1468 1487 1512 seque
1508 1448 1761 1506 consolans,

377 1532 608 1575 inseruerit
634 1549 643 1575 z

559 1668 627 1699 Οὐκ
653 1667 760 1711 ἐράᾳς,
781 1661 840 1706 οἷος
861 1668 952 1712 κάγὼ
973 1669 1067 1706 καλός
1089 1681 1124 1700 τε
1148 1669 1249 1712 μέγας
1276 1675 1333 1704 τε;

374 1775 585 1820 «Eadem
620 1794 689 1821 me
727 1787 870 1821 tamen
914 1788 1092 1822 manent
1135 1777 1394 1838 capillorum
1426 1776 1540 1832 fata,
1577 1786 1620 1820 et
1661 1776 1764 1820 sorti

374 1858 522 1900 animo
562 1857 653 1901 fero
686 1874 855 1901 comam
891 1859 934 1901 in
962 1857 1256 1902 adolescentia
1280 1867 1590 1902 senescentem.
1618 1858 1762 1913 Scias,

376 1954 455 1981 nec
483 1939 652 1999 gratius
673 1939 909 1999 quicquam
936 1938 1115 1993 decore,
1142 1956 1223 1983 nec
1250 1940 1440 1982 brevius.
1462 1958 1482 1979 ι)

437 2020 559 2062 XIX.
588 2019 770 2063 Laboris
802 2020 1059 2081 impatiens,
1082 2021 1264 2081 pedibus
1289 2036 1366 2081 per
1388 2020 1555 2064 Urbem
1582 2037 1670 2063 non
1699 2029 1761 2063 te-

374 2116 490 2143 mere
515 2099 759 2144 ambulavit
780 2118 788 2143 :
812 2102 857 2144 in
883 2101 1160 2162 expeditione
1191 2111 1232 2144 et
1255 2101 1430 2162 agmine
1458 2117 1571 2161 equo
1595 2100 1760 2157 rarius,

376 2180 529 2224 lectica
562 2181 735 2225 assidue
769 2192 919 2225 vectus
944 2192 1023 2225 est.
1050 2185 1287 2226 Armorum
1325 2180 1447 2225 nullo
1464 2216 1474 2233 ‚
1501 2182 1759 2242 sagittarum

376 2259 440 2304 vel
463 2261 684 2322 praecipuo
708 2261 854 2305 studio
878 2262 1125 2306 tenebatur.
1150 2264 1369 2306 Centenas
1396 2262 1505 2305 varii
1527 2278 1685 2323 genere
1707 2261 1764 2305 fe-

376 2358 444 2385 ras
474 2357 586 2402 saepe
610 2342 651 2385 in
679 2340 838 2386 albano
865 2359 1033 2387 secessu
1065 2342 1367 2387 conficientem
1392 2352 1644 2403 spectavere
1668 2341 1762 2404 ple·

375 2422 526 2482 rique3
553 2432 682 2483 atque
713 2424 844 2467 etiam
869 2440 920 2466 ex
949 2422 1161 2467 industria
1200 2424 1259 2467 ita
1289 2423 1583 2483 quarumdam
1619 2423 1764 2483 capita

376 2504 578 2564 figentem
595 2540 605 2559 ,
631 2514 679 2548 ut
695 2505 867 2549 duobus
892 2506 1050 2549 ictibus
1074 2506 1198 2566 quasi
1223 2522 1389 2549 cornua
1410 2504 1614 2550 efficeret.
1643 2504 1760 2548 Non-

376 2600 602 2645 nunquam
620 2586 665 2630 in
683 2587 806 2647 pueri
821 2585 975 2647 procul
996 2587 1165 2641 stantis,
1186 2587 1509 2646 praebentisque
1529 2602 1610 2646 pro
1625 2601 1759 2645 scopo

376 2663 625 2725 dispansam
661 2666 823 2711 dextrae
865 2683 1020 2710 manns
1052 2665 1270 2727 palmam,
1302 2667 1480 2728 sagittas
1518 2675 1636 2709 tanta
1669 2675 1762 2709 arte
