1988 3439
693 293 956 329 CALIGULA.
1442 292 1510 338 ης

141 399 276 443 quum
306 381 478 428 audiret
511 380 624 426 forte
659 395 810 441 reges,
848 379 922 439 qui
952 377 1084 422 officii
1118 394 1245 421 causa
1280 379 1322 422 in
1346 380 1511 423 Urbem

140 463 436 518 advenerant,
461 469 760 507 concertantes
788 458 906 521 apud
934 475 979 503 se
1003 474 1133 519 super
1156 474 1322 502 eoenam
1351 458 1404 504 de
1431 477 1510 503 no-

139 544 308 589 bilitate
339 543 536 606 generis,
564 540 850 598 exclamavit,
876 541 953 590 Εἴς
983 546 1162 598 κοίρανος
1188 533 1318 594 ἕστω,
1349 542 1400 589 εἷς
1430 542 1511 586 Ex-

138 620 287 676 σιλεῦς.
305 626 400 670 Nec
415 621 603 667 multum
621 620 782 677 abfuit,
799 622 906 681 quin
923 621 1070 665 statim
1085 619 1287 664 diadema
1301 631 1513 674 sumeret,

142 707 419 768 speciemque
456 703 730 765 principatus
764 702 809 745 in
850 703 974 764 regni
1013 702 1197 746 formam
1226 712 1511 746 converteret.

141 789 308 831 Verum
334 783 583 829 admonitus
599 818 610 840 ,
637 792 678 827 et
700 783 948 844 principum
973 792 1015 826 et
1036 799 1190 844 regum
1215 799 1260 826 se
1284 783 1514 826 excessisse

141 865 384 927 fastigium,
403 863 596 908 divinam
616 880 667 908 ex
685 880 736 908 eo
758 864 1028 924 majestatem
1048 880 1237 908 asserere
1259 864 1341 908 sibi
1362 865 1512 925 coepit3

136 946 326 1007 datoque
354 945 559 1007 negotio,
587 955 637 989 ut
668 943 899 989 simulacra
927 944 1161 988 numinum
1181 979 1192 1001 ,
1226 943 1436 1006 religione
1471 955 1514 988 et

135 1035 227 1070 arte
251 1024 461 1087 praeclara
477 1060 489 1082 ,
518 1026 633 1069 inter
658 1041 754 1086 quae
779 1024 973 1086 Olympii
998 1026 1142 1081 Jovis,
1173 1035 1514 1087 apportarentur

135 1124 158 1152 e
184 1107 373 1162 Graecia,
392 1106 551 1167 quibus
573 1107 716 1167 capite
737 1106 886 1150 demto
907 1123 1034 1150 suum
1057 1107 1324 1167 imponeret,
1346 1116 1512 1167 partem

136 1186 286 1248 palatii
309 1187 363 1231 ad
391 1187 534 1231 forum
558 1203 696 1247 usquc
719 1188 962 1247 promovit,
989 1197 1120 1247 atque
1143 1187 1234 1230 aede
1255 1189 1448 1231 Castoris
1471 1197 1513 1230 et

136 1266 327 1312 Pollucis
366 1268 409 1311 in
447 1266 711 1310 vestibulum
750 1266 1087 1327 transfigurata,
1123 1267 1364 1311 consistens
1402 1284 1513 1328 saepe

137 1351 250 1393 inter
283 1348 436 1391 fratres
472 1348 574 1391 deos
616 1347 815 1404 medius,
853 1364 895 1391 se
932 1347 1206 1391 adorandum
1248 1347 1511 1392 adeuntibus

135 1429 393 1485 exliibebat3
417 1438 459 1471 et
485 1427 663 1488 quidam
688 1444 788 1470 eum
816 1444 1053 1472 LATIAREM
1084 1444 1233 1472 Jovim
1263 1428 1513 1473 consaluta-

134 1518 252 1553 runt.
276 1506 505 1569 Templum
541 1508 672 1551 etiam
703 1508 872 1551 numini
904 1524 982 1551 suo
1012 1509 1267 1568 proprium,
1296 1519 1338 1552 et
1370 1526 1512 1552 sacer-

135 1588 285 1645 dotes,
321 1598 365 1633 et
400 1589 788 1650 excogitatissimas
825 1587 989 1632 hostias
1027 1588 1230 1632 instituit.
1266 1591 1317 1633 In
1350 1588 1513 1650 templo

133 1668 418 1714 simulacrum
455 1669 596 1714 stabat
630 1685 814 1712 aureum
854 1668 1103 1726 iconicum,
1138 1669 1512 1730 amiciebaturque

135 1748 330 1810 quotidie
351 1759 491 1805 veste,
515 1747 633 1810 quali
659 1751 748 1810 ipse
768 1759 977 1794 uteretur.
1001 1748 1253 1810 Magisteria
1281 1749 1511 1794 sacerdotii

135 1828 373 1874 ditissimus
400 1830 608 1890 quisque,
635 1839 678 1873 et
701 1830 938 1873 ambitione
962 1839 1004 1874 et
1031 1830 1274 1874 licitatione
1298 1831 1513 1888 maxima,

135 1909 303 1954 vicibus
331 1910 657 1971 comparabant.
681 1911 843 1954 Hostiae
869 1920 993 1954 erant
1018 1911 1355 1971 phoenicopteri,
1379 1927 1515 1971 pavo-

136 2006 232 2047 nes,
268 1999 509 2047 tetraones,
534 1990 787 2045 numidicae,
813 1989 1121 2052 meleagrides,
1149 1991 1394 2051 phasianae,
1417 2007 1514 2050 quae

136 2071 375 2130 generatim
402 2087 479 2132 per
508 2069 702 2132 singulos
734 2071 822 2115 dies
855 2070 1198 2115 immolarentur.
1230 2074 1281 2115 Iit
1312 2071 1513 2114 noctibus

137 2149 314 2210 quidem
338 2150 510 2210 plenam
530 2151 857 2212 fulgentemque
875 2150 1023 2195 lunam
1046 2151 1258 2195 invitabat
1278 2150 1448 2194 assidue
1469 2150 1511 2193 in

141 2228 364 2290 amplexus
398 2241 529 2290 atque
558 2231 839 2275 concubitum
867 2249 876 2275 :
906 2231 1096 2276 interdiu
1126 2248 1229 2275 vero
1254 2248 1352 2275 cum
1382 2231 1515 2291 Capi-

138 2309 276 2353 tolino
306 2312 411 2353 Jove
438 2320 604 2353 secreto
637 2310 932 2366 fabulabatur,
961 2311 1092 2355 modo
1125 2313 1432 2366 insusurrans,
1464 2327 1514 2354 ae

138 2389 337 2450 praebens
361 2391 544 2433 invicem
572 2406 749 2446 aurem,
773 2390 904 2434 modo
926 2390 1106 2449 clarius,
1128 2409 1206 2436 nec
1226 2393 1318 2436 sine
1338 2391 1511 2452 jurgiis.

137 2471 250 2515 Nam
279 2488 359 2515 vox
387 2472 690 2516 comminantis
717 2472 863 2516 audita
889 2482 980 2516 est:

400 2594 426 2633 si
451 2602 635 2646 gvi-ming,
657 2604 677 2638 ἢ
705 2602 765 2646 ἐγώ
792 2615 841 2642 σε,

142 2703 280 2748 donec
304 2715 506 2749 exoratus
524 2741 534 2761 ,
560 2715 608 2749 ut
635 2705 849 2750 rescrebat
866 2741 877 2757 ,
900 2716 942 2750 et
967 2706 1009 2749 in
1035 2706 1372 2750 contubernium
1400 2705 1513 2750 ultro
