1971 3342
362 209 434 243 160
989 207 1142 241 NOTAE

356 300 401 322 eo
428 286 510 333 ipso
537 285 623 319 loco
649 282 716 319 ubi
745 284 917 319 columna
945 291 1108 320 steterat.
1132 282 1308 331 Appiano
1323 288 1435 327 teste,
1460 280 1601 317 ibidem
1624 283 1760 332 Augu-

356 355 434 383 stus
457 347 642 393 templum
661 346 857 382 exstruxit.
1544 338 1548 341 ⁸

411 410 488 444 Pet·
510 408 711 444 Caesarem.
732 409 890 445 Tertull.
904 436 914 453 ,
935 409 1090 455 Apoll.‚
1112 419 1241 442 xxvn1
1264 420 1271 441 :
1297 406 1443 444 «Citius
1469 406 1572 454 apud
1599 418 1667 442 vos
1692 418 1763 454 per

359 482 490 506 omnes
509 470 621 516 deos,
646 482 760 518 quam
786 482 855 517 per
875 482 994 504 unum
1016 468 1168 518 genium
1193 468 1345 504 Caesaris
1362 467 1568 516 pejeratur.
1587 484 1602 500 x·

411 531 674 578 Jurejurando.
691 531 789 567 Vide
811 544 892 578 cap.
910 543 1066 566 mcxxxv,

413 595 501 629 Cn).
523 594 764 631 LXXXVII.
795 593 910 641 Apud
929 592 1227 640 Xenophontem.
1253 593 1297 627 In
1326 592 1488 639 Cymp„
1510 603 1612 636 v111‚
1637 603 1671 637 7.

413 656 650 690 Proetulerat.
677 655 882 699 Plutarch,
915 654 1112 702 Apoplztlz.
1134 681 1145 697 ,
1172 667 1211 702 p.
1244 654 1319 689 206
1346 667 1353 688 :
1380 659 1484 704 Λόγου
1509 654 1548 691 δὲ
1575 657 1669 704 παρὰ
1699 655 1767 691 δεῖ·

360 737 435 756 πνον
458 724 655 769 ἐμπεσόντος
672 723 745 768 περὶ
758 723 897 756 θανάτου
910 750 918 764 ,
937 724 1027 760 ποῖος
1047 723 1183 767 ἄριστοί
1204 715 1232 755 ὁ
1253 718 1510 767 ἁπροςδόκητος,
1525 716 1606 754 εἷπε.

416 779 503 814 Cn.
526 780 784 815 LXXXVIII.
817 779 1058 814 consecratos
1079 779 1123 813 ei.
1146 779 1190 813 H.
1219 791 1250 813 e.
1275 779 1321 813 ab
1345 790 1412 823 eo,
1437 777 1598 822 Caesare,
1618 773 1760 812 Veneri

360 840 562 888 genetrici,
586 840 652 876 sed
671 853 750 876 non
764 840 906 886 editos,
928 839 1091 875 docente
1112 841 1165 875 Cl.
1190 841 1302 875 Hase.

418 901 538 936 Stella
559 902 704 937 crinita.
729 902 836 937 Idem
858 909 989 937 narrat
1008 902 1122 947 Plin„
1146 915 1200 947 11,
1223 902 1283 938 25.

422 964 582 1000 Obstrui.
606 966 806 1000 Incensum
836 976 856 999 a
881 964 993 1011 plebe
1028 963 1119 1000 dicit
1150 963 1334 1011 Appiam,
1365 964 1410 998 B.
1435 964 1493 1007 C.,
1518 976 1571 1008 11,
1590 974 1628 1011 p.
1652 959 1724 997 521
1755 975 1764 997 :

363 1032 606 1077 Βουλευτήριον,
636 1032 710 1065 ἔνθα
734 1033 747 1065 ὁ
773 1033 907 1077 Καῖσαρ
930 1032 1088 1077 ἀνῄρητο,
1109 1031 1319 1076 κατέφλεξαν.

416 1088 502 1123 (ΙΑΡ.
526 1089 750 1124 LXXXIX.
772 1088 849 1123 Sua
869 1096 998 1123 morte.
1020 1088 1066 1123 H.
1088 1101 1119 1123 e.
1140 1095 1282 1123 naturae
1296 1086 1488 1122 communi
1506 1087 1599 1135 lege.
1621 1087 1767 1133 Senec.,

363 1150 486 1197 Epist.
508 1163 600 1185 inx
631 1163 639 1185 :
663 1165 678 1182 «
694 1151 794 1185 Bella
814 1163 873 1185 res
899 1157 952 1185 est
970 1150 1067 1186 mori
1087 1163 1151 1186 sua
1177 1157 1341 1185 morte.»

422 1213 612 1248 Damnau·
628 1225 767 1248 omnes.
789 1213 885 1248 Vell.
897 1241 907 1258 ,
928 1225 982 1258 11,
1002 1212 1052 1260 69
1075 1226 1082 1247 ε
1109 1213 1240 1260 «Lege
1263 1210 1396 1256 Pedia,
1417 1223 1533 1259 quam
1552 1211 1683 1246 consul
1699 1212 1773 1247 Pe-

368 1274 470 1319 dius,
491 1276 636 1323 collega
650 1274 802 1310 Caesaris
824 1272 1036 1325 (Octavii),
1060 1275 1215 1320 tulerat,
1230 1273 1407 1309 omnibus
1427 1272 1495 1321 qui
1509 1274 1689 1310 Caesarem
1707 1285 1774 1322 pa·

367 1343 463 1373 trem
490 1337 776 1381 interfecerant,
797 1349 896 1385 aqua
916 1336 1072 1385 ignique
1097 1336 1281 1372 damnatis
1301 1335 1545 1371 interdictum
1567 1342 1658 1371 erat.
1675 1351 1690 1368 ι)

420 1401 703 1434 Interemetzmt.
728 1399 980 1447 Semetipsum
1002 1399 1171 1435 Cassium
1196 1397 1427 1434 interfecisse
1447 1397 1582 1434 eodem
1601 1397 1772 1446 pugione

368 1473 447 1508 quo
485 1461 667 1496 Caesarem
698 1467 956 1507 percusserat,
984 1461 1097 1496 docet
1131 1460 1318 1496 Plutarch.
1356 1459 1395 1494 in
1418 1460 1537 1502 Caes„
1571 1472 1610 1507 p.
1653 1465 1728 1505 740
1761 1472 1770 1494 :

369 1527 654 1572 Θαυμασιώτατον
677 1524 716 1560 δὲ
747 1532 809 1560 τῶν
837 1529 894 1573 μὲν
916 1528 1118 1573 ἀκθρωπίνων
1142 1529 1178 1561 τὸ
1203 1527 1276 1573 περὶ
1297 1528 1457 1560 Κάσσιον“
1483 1526 1631 1566 ἡττηθεὶς
1654 1526 1715 1573 γὰρ
1740 1527 1770 1560 ἐν

368 1589 554 1631 Φιλίπποις,
575 1589 682 1634 ἐκείνῳ
705 1595 750 1635 τῷ
772 1586 899 1636 ξιφιδίῳ
920 1587 1092 1635 διέφθειρεν
1115 1585 1282 1634 έαυτὸν,ᾧ
1302 1589 1391 1623 κατὰ
1411 1589 1579 1635 Καίσαρος
1599 1589 1772 1634 ἐχρήσατο.

762 1941 824 1984 ΙΝ
861 1941 993 1986 OCT.
1032 1941 1311 1986 AUGUSTI]
1319 1941 1382 1984 M.

428 2131 516 2166 Cn.
538 2131 567 2169 Ι,
597 2128 756 2164 Velitris.
779 2130 1009 2164 Volscorum
1036 2129 1223 2176 oppidum
1237 2156 1247 2174 ‚
1276 2127 1322 2164 de
1343 2141 1423 2177 quo
1448 2128 1583 2165 Cellar.
1597 2157 1608 2176 ,
1636 2129 1772 2179 Geogr.

373 2200 475 2235 ant„
501 2204 553 2238 11,
579 2204 624 2240 9,
644 2204 682 2239 p.
705 2191 794 2228 813.

432 2253 692 2289 Celeberrima.
720 2253 767 2287 H.
790 2266 820 2289 e.
839 2253 1001 2289 maxime
1021 2253 1272 2301 frequentata.

436 2316 589 2352 Octavio
611 2324 840 2351 consecrata.
868 2318 1064 2361 Burman,
1091 2315 1362 2363 Oudendorp,
1383 2314 1499 2353 Wolf.
1514 2321 1551 2351 et
1569 2315 1690 2352 Reitz.
1712 2315 1775 2352 in-

375 2378 548 2426 telligunt
568 2390 613 2413 ex
638 2377 739 2425 Lips.
761 2378 809 2414 ad
832 2378 972 2425 Tacit.‚
996 2380 1159 2421 Annal.,
1183 2390 1235 2422 11,
1259 2376 1307 2412 50
1331 2390 1339 2411 ε
1363 2392 1378 2409 «
1403 2378 1518 2412 Aram
1544 2377 1592 2413 ab
1612 2377 1773 2414 Octavio

374 2441 439 2476 illo
458 2440 572 2477 Marti
598 2448 872 2487 consecratam,
889 2458 904 2473 »
925 2454 1029 2489 quae,
1047 2446 1226 2476 monente
1240 2440 1293 2475 Cl.
1317 2440 1440 2483 Hase,
1462 2438 1671 2476 conditoris
1690 2440 1771 2477 Oc—

375 2502 466 2538 tavii
483 2515 623 2538 nomen
650 2502 849 2539 retinebat.
871 2503 931 2539 Sic
951 2505 987 2538 el
1001 2502 1209 2538 consecrati
1237 2513 1309 2548 pro
1329 2501 1376 2536 ab
1409 2513 1452 2536 eo
1477 2502 1710 2545 consecrati,
1732 2501 1772 2537 in

378 2564 468 2600 Coes.
483 2591 494 2607 ‚
516 2577 706 2600 Lxxxvut.

435 2627 637 2661 prosecuit.
664 2626 709 2661 H.
735 2638 765 2661 e.
787 2625 966 2661 dissecuit
986 2631 1022 2659 et
1041 2631 1218 2660 extorum
1231 2624 1422 2671 prosicias
1451 2635 1524 2659 arae
1550 2623 1741 2671 imposuit.
