1988 3407
622 205 673 239 IN
705 205 817 240 OCT.
846 204 1146 241 AUGUSTUM.
1512 208 1583 255 159

179 294 334 329 venem,
361 283 429 319 sed
461 283 701 319 Alexandriae
737 284 845 331 cujus
881 296 1041 332 regnum
1073 291 1291 331 speraverat
1329 284 1584 321 interemtum.

235 345 499 381 Caesan'onem.
523 348 579 382 De
604 360 648 382 eo
668 346 707 381 in
738 346 856 390 Coes.,
880 359 963 394 sup.
989 359 1061 381 Lu.

235 408 398 444 Liberos.
419 410 505 445 scil.
540 410 780 457 Cleopatram
803 407 919 444 filiam
944 415 981 444 et
1001 407 1122 454 filios,
1151 421 1318 456 quorum
1350 409 1429 445 duo
1459 412 1587 447 nomi-

179 477 322 505 uantur
352 470 391 506 in
426 471 507 507 Liv.
534 473 660 519 Epis„
705 483 858 516 cxxxn,
894 471 1114 507 Alexander
1149 479 1185 506 et
1218 471 1498 519 Philadelphus.
1530 474 1585 508 Cf.

180 532 430 578 Eumenia,
451 533 491 568 in
510 534 544 569 h.
568 535 592 569 l.

234 595 323 630 Cn.
345 596 491 631 XVIII.
517 597 799 645 Consultusque.
829 597 874 631 H.
897 609 928 632 e.
951 597 1229 646 interrogatus,
1255 603 1299 632 ut
1317 596 1438 642 Flor.,
1466 609 1502 643 1,
1531 609 1551 642 7
1576 610 1584 631 :

178 672 193 687 α
213 657 284 692 Per
302 657 456 694 nuntios
483 658 695 694 consulenti
716 658 811 706 quid
832 657 916 695 fieri
937 661 1061 696 vellet.
1085 676 1099 691 »

239 720 372 768 Opere.
394 722 518 756 Aurel.
546 721 665 766 Vict.‚
687 734 721 767 1,
743 720 764 757 5
788 735 795 756 :
816 738 831 753 «
846 723 997 758 Labore
1016 723 1179 758 militum
1199 721 1420 770 patefecit.»

235 783 460 831 Nicopolim·
482 783 576 830 Dio,
596 797 656 830 LI,
671 797 709 833 p-
734 784 808 828 443
833 798 841 820 ἓ
863 793 960 824 Πόλιν
975 805 1011 824 τε
1023 792 1098 825 τινὰ
1119 793 1148 825 ἐν
1169 796 1215 836 τῷ
1239 787 1468 836 στρατςπέδου
1482 791 1587 836 τόπῳ,

179 852 252 890 τοὺς
271 852 328 898 μὲν
350 853 556 898 συναγείρας,
580 854 653 892 τοὺς
678 850 710 886 δ’
731 854 923 894 ἀναστήσας
947 859 1010 888 τῶν
1035 854 1266 899 πλησιεχώρων
1292 854 1466 899 συνῴκισε,
1491 855 1591 887 ’Νικέ-

158 956 160 958 ,
179 919 271 946 πολιν
300 915 384 960 αὐτῇ
405 914 507 959 ὄνομα.
529 911 613 953 δούς-

225 969 388 1018 «8ροίἱιζς.
409 971 490 1006 Hac
519 971 566 1007 de
591 984 632 1007 re
656 971 888 1021 epigramma
915 971 1083 1020 Philippi
1110 972 1239 1008 Floril.
1265 971 1278 1022 ζ
1295 973 1408 1009 ΑηῑΙι.
1429 974 1590 1016 Jacobs.,

176 1031 251 1065 vol.
273 1043 327 1077 11,
349 1044 387 1080 p.
412 1031 502 1082 203)
534 1046 541 1068 z

342 1148 480 1203 Ῑῖμὲσλει
506 1160 740 1203 χαλκιγένεια,
766 1160 926 1202 enimam
949 1160 1063 1203 τείχεα
1087 1164 1189 1199 νηῶν,

338 1213 503 1253 Anna-405
524 1221 666 1264 πελέμευ
693 1222 827 1265 κείμεθσ.
852 1222 1023 1265 μαρτύρια.

234 1341 323 1376 ΕΑΡ.
350 1342 459 1376 XIX.
497 1342 690 1389 Tempore.
721 1343 876 1387 Sermo,
903 1343 952 1376 de
974 1341 1172 1384 Clement.,
1203 1355 1238 1387 1,
1266 1356 1290 1390 9
1323 1355 1330 1376 :
1358 1358 1371 1373 «
1404 1342 1591 1378 Salvidie—

178 1415 271 1438 num
298 1403 468 1450 Lepidus
498 1411 649 1439 secutus
671 1411 750 1449 est,
776 1404 964 1452 Lepidum
994 1406 1173 1449 Murena,
1207 1406 1409 1440 Murenam
1442 1405 1591 1453 Caepio,

180 1464 396 1513 Caepionem
417 1466 617 1515 Egnatius,
637 1474 680 1502 ut
701 1466 794 1503 alios
818 1475 980 1512 taceam,
1002 1480 1101 1515 quos
1120 1474 1267 1502 tantum
1292 1480 1403 1503 ausos
1421 1467 1552 1515 pudet.
1575 1486 1590 1500 π

233 1529 398 1564 Juvenis.
422 1531 462 1564 A.
491 1530 538 1565 U.
564 1528 650 1574 725.
679 1530 800 1575 Vell.,
824 1543 879 1575 11,
905 1530 953 1565 88
981 1543 987 1564 :
1014 1547 1028 1561 v<
1044 1529 1181 1578 Lepidi
1215 1530 1296 1577 ejus
1323 1530 1390 1578 qui
1417 1529 1593 1566 triumvir

180 1590 303 1626 fuerat
322 1590 544 1638 reipublicae
565 1591 841 1627 constituendae
861 1590 979 1637 filius,
1009 1592 1141 1637 Junia,
1162 1592 1270 1628 Bruti
1295 1605 1426 1628 sorore
1459 1600 1592 1638 natus,

179 1651 433 1689 interficiendi
454 1682 464 1698 ,
512 1654 621 1689 simul
666 1654 703 1689 in
749 1655 898 1691 Urbem
948 1654 1163 1691 revertisset
1183 1683 1193 1700 ,
1237 1655 1391 1692 Caesaris
1439 1655 1592 1691 consilia

182 1714 328 1750 inierat.
362 1732 376 1747 2-

239 1780 442 1827 Coepc'onis.
468 1780 512 1815 A.
542 1782 589 1817 U.
614 1781 700 1826 732.
723 1782 818 1815 Vell.
837 1810 846 1826 ,
872 1782 943 1817 loc.
966 1782 1026 1816 cit.
1057 1795 1064 1816 :
1087 1783 1155 1818 «L.
1184 1784 1348 1817 Murena
1371 1780 1592 1831 (adoptatus

183 1856 204 1878 a
229 1844 271 1879 L.
300 1843 482 1878 Terentio
504 1841 692 1892 Varrone)
715 1850 750 1878 et
780 1843 819 1878 F.
843 1844 988 1891 Caepio,
1010 1845 1167 1880 diversis
1187 1845 1358 1880 moribus
1378 1844 1480 1895 (nam
1501 1848 1594 1880 Mu—

182 1917 275 1941 rena
296 1904 376 1939 sine
410 1904 484 1940 hoc
510 1905 679 1940 facinore
711 1905 840 1952 potuit
860 1905 982 1941 videri
1010 1907 1156 1951 bonus,
1184 1906 1310 1953 Caepio
1344 1913 1380 1941 et
1408 1908 1482 1943 hoc
1508 1914 1592 1942 ante

183 1966 404 2017 pessimus),
434 1979 556 2015 quum
585 1968 755 2003 iniissent
787 1967 989 2003 occidendi
1027 1969 1180 2004 Caesaris
1215 1969 1394 2014 consilia,
1422 1971 1592 2017 oppressi

186 2030 412 2067 auctoritate
435 2030 609 2078 publica,
632 2031 740 2079 quod
759 2031 796 2065 vi
820 2031 944 2066 facere
964 2032 1187 2076 voluerant,
1206 2031 1292 2077 jure
1313 2032 1411 2078 passi
1432 2040 1529 2067 sunt.
1544 2050 1557 2063 „

239 2093 293 2128 M.
325 2093 478 2141 Egnati.
511 2093 694 2128 Triennio
726 2100 813 2141 post
849 2094 1020 2128 Murenae
1051 2093 1317 2141 Caepionisque
1353 2094 1591 2140 conjuratio-

186 2168 283 2191 nem.
307 2156 402 2190 vell.
418 2182 428 2201 ‚
453 2155 521 2191 ubi
543 2168 625 2203 sup.
643 2184 652 2201 ,
673 2169 717 2204 9¹
755 2170 761 2190 :
794 2173 805 2185 υ
826 2158 961 2203 Neque
980 2157 1101 2191 multo
1133 2163 1220 2203 post
1244 2157 1367 2191 Rufus
1394 2156 1593 2205 Egnatius,

185 2231 254 2265 per
284 2218 409 2253 omnia
436 2219 637 2268 gladiatori
660 2232 774 2267 quam
795 2218 960 2254 senatori
976 2219 1150 2266 propior,
1172 2219 1332 2254 collecto
1356 2218 1394 2253 in
1415 2218 1592 2253 aedilitate

186 2281 315 2316 favore
343 2281 480 2329 populi
485 2309 545 2316 .....
568 2282 780 2331 aggregatis
811 2282 1006 2318 simillimis
1033 2282 1129 2327 sibi,
1160 2281 1377 2317 interimere
1411 2283 1591 2317 Cresarem

183 2343 352 2379 statuit.»

243 2406 419 2454 Luciique
452 2407 578 2441 Pauli.
617 2407 757 2442 Paulus
789 2406 951 2442 duxerat
980 2407 1140 2452 Juliam,
1172 2413 1325 2454 neptem
1359 2407 1518 2456 Augusti
1547 2420 1593 2442 ex

187 2467 356 2517 Agrippa
386 2475 422 2503 et
444 2468 557 2518 Julia.
578 2469 720 2505 Consul
747 2469 819 2505 fuit
838 2472 883 2506 A.
906 2472 952 2506 U.
979 2469 1065 2515 754.

237 2531 316 2565 Rei.
354 2531 546 2567 Falsarum
577 2532 796 2568 tabularum
836 2546 923 2569 reus
956 2532 1169 2577 dicebatur,
1201 2533 1284 2581 lege
1313 2531 1512 2576 Cornelia,
1546 2533 1594 2566 cle

175 2591 324 2637 falsis,
359 2593 427 2642 qui
460 2610 474 2622 υ
498 2602 785 2640 testamentum,
808 2597 866 2631 vel
891 2595 993 2631 aliud
1022 2595 1314 2631 instrumentum
1339 2595 1471 2629 falsum
1499 2594 1594 2630 scri—-

181 2656 314 2702 pserit,
335 2656 562 2705 signaverit,
587 2658 823 2703 recitaverit,
853 2659 911 2694 vel
933 2658 1156 2705 subjecerit,
1179 2659 1238 2693 vel
1259 2657 1408 2706 signum
1440 2657 1595 2692 adulte-
