<?xml version="1.0" encoding="UTF-8"?>
<!DOCTYPE html PUBLIC "-//W3C//DTD XHTML 1.0 Transitional//EN"
    "http://www.w3.org/TR/xhtml1/DTD/xhtml1-transitional.dtd">
<html xmlns="http://www.w3.org/1999/xhtml" xml:lang="en" lang="en">
 <head>
  <title>
</title>
<meta http-equiv="Content-Type" content="text/html;charset=utf-8" />
  <meta name='ocr-system' content='tesseract 3.04.00' />
  <meta name='ocr-capabilities' content='ocr_page ocr_carea ocr_par ocr_line ocrx_word'/>
</head>
<body>
  <div class='ocr_page' id='page_1' title='image "./operagro00suetuoft_0348.png"; bbox 0 0 1971 3342; ppageno 0'>
   <div class='ocr_carea' id='block_1_1' title="bbox 423 228 1271 275">
    <p class='ocr_par' dir='ltr' id='par_1_1' title="bbox 423 228 1271 275">
     <span class='ocr_line' id='line_1_1' title="bbox 423 228 1271 275; baseline 0.015 -13"><span class='ocrx_word' id='word_1_1' title='bbox 423 228 470 262; x_wconf 71' lang='lat'>355</span> <span class='ocrx_word' id='word_1_2' title='bbox 965 237 1003 271; x_wconf 84' lang='lat' dir='ltr'>C.</span> <span class='ocrx_word' id='word_1_3' title='bbox 1036 238 1271 275; x_wconf 83' lang='lat' dir='ltr'>SUETONII</span> 
     </span>
    </p>
   </div>
   <div class='ocr_carea' id='block_1_2' title="bbox 390 314 1810 2647">
    <p class='ocr_par' dir='ltr' id='par_1_2' title="bbox 415 314 1810 863">
     <span class='ocr_line' id='line_1_2' title="bbox 425 314 1806 378; baseline 0.016 -23"><span class='ocrx_word' id='word_1_4' title='bbox 425 329 558 373; x_wconf 82' lang='lat' dir='ltr'>gnum</span> <span class='ocrx_word' id='word_1_5' title='bbox 605 314 816 360; x_wconf 85' lang='lat' dir='ltr'>indicium</span> <span class='ocrx_word' id='word_1_6' title='bbox 856 317 1101 378; x_wconf 80' lang='lat' dir='ltr'>splendoris</span> <span class='ocrx_word' id='word_1_7' title='bbox 1141 321 1316 367; x_wconf 83' lang='lat' dir='ltr'>familiae</span> <span class='ocrx_word' id='word_1_8' title='bbox 1357 336 1399 368; x_wconf 84' lang='lat' dir='ltr'>et</span> <span class='ocrx_word' id='word_1_9' title='bbox 1435 331 1674 374; x_wconf 79' lang='lat' dir='ltr'>vetustatis.</span> <span class='ocrx_word' id='word_1_10' title='bbox 1706 333 1806 377; x_wconf 90' lang='lat' dir='ltr'>Non</span> 
     </span>
     <span class='ocr_line' id='line_1_3' title="bbox 424 396 1808 470; baseline 0.016 -35"><span class='ocrx_word' id='word_1_11' title='bbox 424 396 698 455; x_wconf 76' lang='lat' dir='ltr'>negaverim,</span> <span class='ocrx_word' id='word_1_12' title='bbox 726 398 939 457; x_wconf 84' lang='lat' dir='ltr'>jactatum</span> <span class='ocrx_word' id='word_1_13' title='bbox 969 415 992 443; x_wconf 91' lang='lat' dir='ltr'>a</span> <span class='ocrx_word' id='word_1_14' title='bbox 1021 401 1308 461; x_wconf 84' lang='lat' dir='ltr'>quibusdam,</span> <span class='ocrx_word' id='word_1_15' title='bbox 1348 407 1549 452; x_wconf 86' lang='lat' dir='ltr'>Petronis</span> <span class='ocrx_word' id='word_1_16' title='bbox 1579 420 1749 470; x_wconf 88' lang='lat' dir='ltr'>patrem</span> <span class='ocrx_word' id='word_1_17' title='bbox 1785 431 1808 457; x_wconf 91' lang='lat' dir='ltr'>e</span> 
     </span>
     <span class='ocr_line' id='line_1_4' title="bbox 421 475 1810 553; baseline 0.016 -37"><span class='ocrx_word' id='word_1_18' title='bbox 421 475 602 535; x_wconf 85' lang='lat' dir='ltr'>regione</span> <span class='ocrx_word' id='word_1_19' title='bbox 640 478 936 539; x_wconf 76' lang='lat' dir='ltr'>transpadana</span> <span class='ocrx_word' id='word_1_20' title='bbox 969 479 1099 525; x_wconf 87' lang='lat' dir='ltr'>fuisse</span> <span class='ocrx_word' id='word_1_21' title='bbox 1131 485 1375 546; x_wconf 85' lang='lat' dir='ltr'>mancipem</span> <span class='ocrx_word' id='word_1_22' title='bbox 1419 504 1680 549; x_wconf 86' lang='lat' dir='ltr'>operarum,</span> <span class='ocrx_word' id='word_1_23' title='bbox 1712 510 1810 553; x_wconf 87' lang='lat' dir='ltr'>quae</span> 
     </span>
     <span class='ocr_line' id='line_1_5' title="bbox 420 557 1808 631; baseline 0.015 -34"><span class='ocrx_word' id='word_1_24' title='bbox 420 570 471 598; x_wconf 87' lang='lat' dir='ltr'>ex</span> <span class='ocrx_word' id='word_1_25' title='bbox 500 557 685 601; x_wconf 88' lang='lat' dir='ltr'>Umbria</span> <span class='ocrx_word' id='word_1_26' title='bbox 705 559 748 601; x_wconf 92' lang='lat' dir='ltr'>in</span> <span class='ocrx_word' id='word_1_27' title='bbox 776 559 961 604; x_wconf 83' lang='lat' dir='ltr'>Sabinos</span> <span class='ocrx_word' id='word_1_28' title='bbox 996 561 1051 605; x_wconf 88' lang='lat' dir='ltr'>ad</span> <span class='ocrx_word' id='word_1_29' title='bbox 1075 562 1293 610; x_wconf 85' lang='lat' dir='ltr'>culturam</span> <span class='ocrx_word' id='word_1_30' title='bbox 1335 584 1543 628; x_wconf 84' lang='lat' dir='ltr'>agrorum</span> <span class='ocrx_word' id='word_1_31' title='bbox 1569 574 1808 631; x_wconf 85' lang='lat' dir='ltr'>quotannis</span> 
     </span>
     <span class='ocr_line' id='line_1_6' title="bbox 418 638 1809 712; baseline 0.015 -34"><span class='ocrx_word' id='word_1_32' title='bbox 418 652 668 681; x_wconf 89' lang='lat' dir='ltr'>commeare</span> <span class='ocrx_word' id='word_1_33' title='bbox 693 638 886 697; x_wconf 87' lang='lat' dir='ltr'>soleant;</span> <span class='ocrx_word' id='word_1_34' title='bbox 910 642 1152 689; x_wconf 84' lang='lat' dir='ltr'>subsedisse</span> <span class='ocrx_word' id='word_1_35' title='bbox 1182 656 1327 690; x_wconf 85' lang='lat' dir='ltr'>autem</span> <span class='ocrx_word' id='word_1_36' title='bbox 1349 648 1393 692; x_wconf 94' lang='lat' dir='ltr'>in</span> <span class='ocrx_word' id='word_1_37' title='bbox 1418 650 1585 711; x_wconf 89' lang='lat' dir='ltr'>oppido</span> <span class='ocrx_word' id='word_1_38' title='bbox 1615 654 1809 712; x_wconf 82' lang='lat' dir='ltr'>reatino,</span> 
     </span>
     <span class='ocr_line' id='line_1_7' title="bbox 418 718 1805 791; baseline 0.014 -32"><span class='ocrx_word' id='word_1_39' title='bbox 418 732 556 761; x_wconf 79' lang='lat' dir='ltr'>uxore</span> <span class='ocrx_word' id='word_1_40' title='bbox 579 718 741 763; x_wconf 88' lang='lat' dir='ltr'>ibidem</span> <span class='ocrx_word' id='word_1_41' title='bbox 768 720 913 765; x_wconf 87' lang='lat' dir='ltr'>ducta.</span> <span class='ocrx_word' id='word_1_42' title='bbox 938 723 1038 784; x_wconf 89' lang='lat' dir='ltr'>Ipse</span> <span class='ocrx_word' id='word_1_43' title='bbox 1064 740 1118 768; x_wconf 92' lang='lat' dir='ltr'>ne</span> <span class='ocrx_word' id='word_1_44' title='bbox 1140 728 1372 788; x_wconf 87' lang='lat' dir='ltr'>vestigium</span> <span class='ocrx_word' id='word_1_45' title='bbox 1400 730 1579 790; x_wconf 89' lang='lat' dir='ltr'>quidem</span> <span class='ocrx_word' id='word_1_46' title='bbox 1605 732 1659 776; x_wconf 87' lang='lat' dir='ltr'>de</span> <span class='ocrx_word' id='word_1_47' title='bbox 1691 733 1776 779; x_wconf 87' lang='lat' dir='ltr'>hoc</span> <span class='ocrx_word' id='word_1_48' title='bbox 1793 770 1805 791; x_wconf 82' lang='lat'>‚</span> 
     </span>
     <span class='ocr_line' id='line_1_8' title="bbox 415 798 1456 863; baseline 0.014 -24"><span class='ocrx_word' id='word_1_49' title='bbox 415 798 616 856; x_wconf 83' lang='lat' dir='ltr'>quamvis</span> <span class='ocrx_word' id='word_1_50' title='bbox 644 800 748 843; x_wconf 88' lang='lat' dir='ltr'>satis</span> <span class='ocrx_word' id='word_1_51' title='bbox 773 801 948 845; x_wconf 83' lang='lat' dir='ltr'>curiose</span> <span class='ocrx_word' id='word_1_52' title='bbox 974 803 1264 863; x_wconf 71' lang='lat' dir='ltr'>inquirerem,</span> <span class='ocrx_word' id='word_1_53' title='bbox 1294 808 1456 853; x_wconf 82' lang='lat' dir='ltr'>inveni.</span> 
     </span>
    </p>

    <p class='ocr_par' dir='ltr' id='par_1_3' title="bbox 390 879 1806 2647">
     <span class='ocr_line' id='line_1_9' title="bbox 478 879 1806 953; baseline 0.016 -32"><span class='ocrx_word' id='word_1_54' title='bbox 478 879 535 922; x_wconf 88' lang='grc' dir='ltr'>ΙΙ.</span> <span class='ocrx_word' id='word_1_55' title='bbox 561 881 862 941; x_wconf 77' lang='lat' dir='ltr'>Vespasianus</span> <span class='ocrx_word' id='word_1_56' title='bbox 889 894 1015 927; x_wconf 85' lang='lat' dir='ltr'>natus</span> <span class='ocrx_word' id='word_1_57' title='bbox 1038 895 1103 929; x_wconf 90' lang='lat' dir='ltr'>est</span> <span class='ocrx_word' id='word_1_58' title='bbox 1129 886 1173 929; x_wconf 89' lang='lat' dir='ltr'>in</span> <span class='ocrx_word' id='word_1_59' title='bbox 1192 888 1365 933; x_wconf 86' lang='lat' dir='ltr'>Sabinis</span> <span class='ocrx_word' id='word_1_60' title='bbox 1389 890 1504 936; x_wconf 85' lang='lat' dir='ltr'>ultra</span> <span class='ocrx_word' id='word_1_61' title='bbox 1524 896 1685 953; x_wconf 80' lang='lat' dir='ltr'>Reate,</span> <span class='ocrx_word' id='word_1_62' title='bbox 1708 897 1806 942; x_wconf 90' lang='lat' dir='ltr'>vico</span> 
     </span>
     <span class='ocr_line' id='line_1_10' title="bbox 411 958 1800 1031; baseline 0.017 -31"><span class='ocrx_word' id='word_1_63' title='bbox 411 958 606 1015; x_wconf 83' lang='lat' dir='ltr'>modico,</span> <span class='ocrx_word' id='word_1_64' title='bbox 629 962 701 1004; x_wconf 85' lang='lat' dir='ltr'>cui</span> <span class='ocrx_word' id='word_1_65' title='bbox 723 979 883 1006; x_wconf 87' lang='lat' dir='ltr'>nomen</span> <span class='ocrx_word' id='word_1_66' title='bbox 907 974 973 1008; x_wconf 87' lang='lat' dir='ltr'>est</span> <span class='ocrx_word' id='word_1_67' title='bbox 995 964 1279 1026; x_wconf 87' lang='lat' dir='ltr'>Phalacrine,</span> <span class='ocrx_word' id='word_1_68' title='bbox 1298 971 1634 1031; x_wconf 86' lang='lat' dir='ltr'>quintodecimo</span> <span class='ocrx_word' id='word_1_69' title='bbox 1651 976 1800 1023; x_wconf 89' lang='lat' dir='ltr'>kalen-</span> 
     </span>
     <span class='ocr_line' id='line_1_11' title="bbox 413 1038 1805 1120; baseline 0.017 -39"><span class='ocrx_word' id='word_1_70' title='bbox 413 1038 490 1082; x_wconf 84' lang='lat' dir='ltr'>das</span> <span class='ocrx_word' id='word_1_71' title='bbox 512 1040 776 1098; x_wconf 76' lang='lat' dir='ltr'>decembris,</span> <span class='ocrx_word' id='word_1_72' title='bbox 804 1046 995 1105; x_wconf 82' lang='lat' dir='ltr'>vesperi,</span> <span class='ocrx_word' id='word_1_73' title='bbox 1021 1047 1077 1104; x_wconf 99' lang='lat' dir='ltr'><strong>Q</strong></span> <span class='ocrx_word' id='word_1_74' title='bbox 1105 1047 1303 1109; x_wconf 88' lang='lat' dir='ltr'>Sulpicio</span> <span class='ocrx_word' id='word_1_75' title='bbox 1329 1053 1585 1113; x_wconf 81' lang='lat' dir='ltr'>Camerino,</span> <span class='ocrx_word' id='word_1_76' title='bbox 1615 1060 1663 1103; x_wconf 93' lang='lat' dir='ltr'>C.</span> <span class='ocrx_word' id='word_1_77' title='bbox 1690 1060 1805 1120; x_wconf 87' lang='lat' dir='ltr'>Pop-</span> 
     </span>
     <span class='ocr_line' id='line_1_12' title="bbox 409 1121 1801 1196; baseline 0.017 -34"><span class='ocrx_word' id='word_1_78' title='bbox 409 1136 504 1179; x_wconf 85' lang='lat' dir='ltr'>paeo</span> <span class='ocrx_word' id='word_1_79' title='bbox 529 1121 695 1166; x_wconf 84' lang='lat' dir='ltr'>Sabino</span> <span class='ocrx_word' id='word_1_80' title='bbox 712 1158 723 1179; x_wconf 68' lang='lat'>7</span> <span class='ocrx_word' id='word_1_81' title='bbox 749 1122 1029 1183; x_wconf 78' lang='lat' dir='ltr'>consulibus,</span> <span class='ocrx_word' id='word_1_82' title='bbox 1058 1129 1365 1190; x_wconf 86' lang='lat' dir='ltr'>quinquennio</span> <span class='ocrx_word' id='word_1_83' title='bbox 1401 1144 1522 1192; x_wconf 85' lang='lat' dir='ltr'>ante,</span> <span class='ocrx_word' id='word_1_84' title='bbox 1546 1152 1681 1196; x_wconf 89' lang='lat' dir='ltr'>quam</span> <span class='ocrx_word' id='word_1_85' title='bbox 1710 1141 1801 1184; x_wconf 90' lang='lat' dir='ltr'>Au-</span> 
     </span>
     <span class='ocr_line' id='line_1_13' title="bbox 409 1203 1801 1278; baseline 0.015 -35"><span class='ocrx_word' id='word_1_86' title='bbox 409 1211 563 1262; x_wconf 84' lang='lat' dir='ltr'>gustus</span> <span class='ocrx_word' id='word_1_87' title='bbox 587 1203 814 1248; x_wconf 84' lang='lat' dir='ltr'>excederet</span> <span class='ocrx_word' id='word_1_88' title='bbox 849 1223 857 1248; x_wconf 92' lang='lat'>:</span> <span class='ocrx_word' id='word_1_89' title='bbox 890 1206 1101 1252; x_wconf 86' lang='lat' dir='ltr'>educatus</span> <span class='ocrx_word' id='word_1_90' title='bbox 1127 1210 1209 1253; x_wconf 90' lang='lat' dir='ltr'>sub</span> <span class='ocrx_word' id='word_1_91' title='bbox 1233 1221 1414 1271; x_wconf 87' lang='lat' dir='ltr'>paterna</span> <span class='ocrx_word' id='word_1_92' title='bbox 1448 1216 1547 1260; x_wconf 85' lang='lat' dir='ltr'>avia</span> <span class='ocrx_word' id='word_1_93' title='bbox 1578 1218 1801 1278; x_wconf 88' lang='lat' dir='ltr'>Tertulla,</span> 
     </span>
     <span class='ocr_line' id='line_1_14' title="bbox 406 1282 1804 1355; baseline 0.016 -32"><span class='ocrx_word' id='word_1_94' title='bbox 406 1282 450 1324; x_wconf 90' lang='lat' dir='ltr'>in</span> <span class='ocrx_word' id='word_1_95' title='bbox 478 1282 650 1342; x_wconf 74' lang='lat' dir='ltr'>praediis</span> <span class='ocrx_word' id='word_1_96' title='bbox 674 1286 861 1330; x_wconf 86' lang='lat' dir='ltr'>cosanis.</span> <span class='ocrx_word' id='word_1_97' title='bbox 888 1288 1042 1344; x_wconf 84' lang='lat' dir='ltr'>Quare</span> <span class='ocrx_word' id='word_1_98' title='bbox 1070 1291 1272 1352; x_wconf 88' lang='lat' dir='ltr'>princeps</span> <span class='ocrx_word' id='word_1_99' title='bbox 1298 1310 1476 1355; x_wconf 88' lang='lat' dir='ltr'>quoque</span> <span class='ocrx_word' id='word_1_100' title='bbox 1503 1306 1546 1340; x_wconf 90' lang='lat' dir='ltr'>et</span> <span class='ocrx_word' id='word_1_101' title='bbox 1567 1295 1713 1343; x_wconf 89' lang='lat' dir='ltr'>locum</span> <span class='ocrx_word' id='word_1_102' title='bbox 1737 1301 1804 1344; x_wconf 91' lang='lat' dir='ltr'>in-</span> 
     </span>
     <span class='ocr_line' id='line_1_15' title="bbox 406 1363 1802 1442; baseline 0.015 -37"><span class='ocrx_word' id='word_1_103' title='bbox 406 1363 728 1409; x_wconf 76' lang='lat' dir='ltr'>sunabulorum</span> <span class='ocrx_word' id='word_1_104' title='bbox 756 1367 932 1411; x_wconf 84' lang='lat' dir='ltr'>assidue</span> <span class='ocrx_word' id='word_1_105' title='bbox 960 1369 1282 1430; x_wconf 84' lang='lat' dir='ltr'>frequentavit,</span> <span class='ocrx_word' id='word_1_106' title='bbox 1317 1387 1524 1421; x_wconf 89' lang='lat' dir='ltr'>manente</span> <span class='ocrx_word' id='word_1_107' title='bbox 1546 1378 1671 1437; x_wconf 87' lang='lat' dir='ltr'>villa,</span> <span class='ocrx_word' id='word_1_108' title='bbox 1695 1398 1802 1442; x_wconf 89' lang='lat' dir='ltr'>qua-</span> 
     </span>
     <span class='ocr_line' id='line_1_16' title="bbox 405 1440 1799 1509; baseline 0.015 -24"><span class='ocrx_word' id='word_1_109' title='bbox 405 1440 458 1486; x_wconf 88' lang='lat' dir='ltr'>lis</span> <span class='ocrx_word' id='word_1_110' title='bbox 483 1443 625 1488; x_wconf 88' lang='lat' dir='ltr'>fuerat</span> <span class='ocrx_word' id='word_1_111' title='bbox 654 1445 781 1502; x_wconf 69' lang='lat' dir='ltr'>olim,</span> <span class='ocrx_word' id='word_1_112' title='bbox 818 1465 874 1491; x_wconf 93' lang='lat' dir='ltr'>ne</span> <span class='ocrx_word' id='word_1_113' title='bbox 903 1449 1006 1509; x_wconf 91' lang='lat' dir='ltr'>quid</span> <span class='ocrx_word' id='word_1_114' title='bbox 1040 1450 1204 1497; x_wconf 87' lang='lat' dir='ltr'>scilicet</span> <span class='ocrx_word' id='word_1_115' title='bbox 1228 1454 1461 1500; x_wconf 88' lang='lat' dir='ltr'>oculorum</span> <span class='ocrx_word' id='word_1_116' title='bbox 1489 1461 1799 1506; x_wconf 90' lang='lat' dir='ltr'>consuetudini</span> 
     </span>
     <span class='ocr_line' id='line_1_17' title="bbox 404 1522 1792 1599; baseline 0.017 -36"><span class='ocrx_word' id='word_1_117' title='bbox 404 1522 625 1584; x_wconf 82' lang='lat' dir='ltr'>deperiret</span> <span class='ocrx_word' id='word_1_118' title='bbox 656 1544 664 1569; x_wconf 89' lang='lat'>:</span> <span class='ocrx_word' id='word_1_119' title='bbox 696 1537 738 1570; x_wconf 86' lang='lat' dir='ltr'>et</span> <span class='ocrx_word' id='word_1_120' title='bbox 773 1530 881 1572; x_wconf 86' lang='lat' dir='ltr'>aviae</span> <span class='ocrx_word' id='word_1_121' title='bbox 916 1533 1175 1576; x_wconf 87' lang='lat' dir='ltr'>memoriam</span> <span class='ocrx_word' id='word_1_122' title='bbox 1218 1544 1340 1579; x_wconf 89' lang='lat' dir='ltr'>tanto</span> <span class='ocrx_word' id='word_1_123' title='bbox 1379 1554 1513 1598; x_wconf 90' lang='lat' dir='ltr'>opere</span> <span class='ocrx_word' id='word_1_124' title='bbox 1539 1539 1718 1599; x_wconf 81' lang='lat' dir='ltr'>dilexit,</span> <span class='ocrx_word' id='word_1_125' title='bbox 1747 1554 1792 1586; x_wconf 86' lang='lat' dir='ltr'>ut</span> 
     </span>
     <span class='ocr_line' id='line_1_18' title="bbox 404 1603 1793 1684; baseline 0.016 -38"><span class='ocrx_word' id='word_1_126' title='bbox 404 1603 693 1650; x_wconf 80' lang='lat' dir='ltr'>sollemnibus</span> <span class='ocrx_word' id='word_1_127' title='bbox 729 1625 778 1651; x_wconf 86' lang='lat' dir='ltr'>ac</span> <span class='ocrx_word' id='word_1_128' title='bbox 803 1608 924 1653; x_wconf 85' lang='lat' dir='ltr'>festis</span> <span class='ocrx_word' id='word_1_129' title='bbox 950 1610 1105 1656; x_wconf 83' lang='lat' dir='ltr'>diebus</span> <span class='ocrx_word' id='word_1_130' title='bbox 1132 1614 1292 1674; x_wconf 88' lang='lat' dir='ltr'>pocillo</span> <span class='ocrx_word' id='word_1_131' title='bbox 1319 1633 1497 1679; x_wconf 88' lang='lat' dir='ltr'>quoque</span> <span class='ocrx_word' id='word_1_132' title='bbox 1520 1620 1613 1680; x_wconf 89' lang='lat' dir='ltr'>ejus</span> <span class='ocrx_word' id='word_1_133' title='bbox 1634 1638 1793 1684; x_wconf 87' lang='lat' dir='ltr'>argen-</span> 
     </span>
     <span class='ocr_line' id='line_1_19' title="bbox 402 1692 1795 1760; baseline 0.016 -33"><span class='ocrx_word' id='word_1_134' title='bbox 402 1694 474 1727; x_wconf 89' lang='lat' dir='ltr'>teo</span> <span class='ocrx_word' id='word_1_135' title='bbox 502 1696 655 1746; x_wconf 85' lang='lat' dir='ltr'>potare</span> <span class='ocrx_word' id='word_1_136' title='bbox 684 1692 1041 1748; x_wconf 86' lang='lat' dir='ltr'>perseveraverit.</span> <span class='ocrx_word' id='word_1_137' title='bbox 1072 1695 1225 1738; x_wconf 88' lang='lat' dir='ltr'>Sumta</span> <span class='ocrx_word' id='word_1_138' title='bbox 1252 1696 1364 1740; x_wconf 90' lang='lat' dir='ltr'>virili</span> <span class='ocrx_word' id='word_1_139' title='bbox 1387 1707 1514 1760; x_wconf 83' lang='lat' dir='ltr'>toga,</span> <span class='ocrx_word' id='word_1_140' title='bbox 1544 1700 1683 1746; x_wconf 83' lang='lat' dir='ltr'>latum</span> <span class='ocrx_word' id='word_1_141' title='bbox 1705 1702 1795 1748; x_wconf 90' lang='lat' dir='ltr'>cla-</span> 
     </span>
     <span class='ocr_line' id='line_1_20' title="bbox 399 1770 1795 1840; baseline 0.016 -34"><span class='ocrx_word' id='word_1_142' title='bbox 399 1781 524 1821; x_wconf 83' lang='lat' dir='ltr'>vum,</span> <span class='ocrx_word' id='word_1_143' title='bbox 551 1783 819 1828; x_wconf 86' lang='lat' dir='ltr'>quamquam</span> <span class='ocrx_word' id='word_1_144' title='bbox 843 1770 978 1815; x_wconf 87' lang='lat' dir='ltr'>fratre</span> <span class='ocrx_word' id='word_1_145' title='bbox 1009 1773 1198 1835; x_wconf 87' lang='lat' dir='ltr'>adepto,</span> <span class='ocrx_word' id='word_1_146' title='bbox 1225 1775 1300 1820; x_wconf 87' lang='lat' dir='ltr'>diu</span> <span class='ocrx_word' id='word_1_147' title='bbox 1326 1789 1553 1825; x_wconf 83' lang='lat' dir='ltr'>aversatus</span> <span class='ocrx_word' id='word_1_148' title='bbox 1576 1792 1659 1839; x_wconf 88' lang='lat' dir='ltr'>est;</span> <span class='ocrx_word' id='word_1_149' title='bbox 1689 1800 1795 1840; x_wconf 89' lang='lat' dir='ltr'>nec,</span> 
     </span>
     <span class='ocr_line' id='line_1_21' title="bbox 396 1847 1794 1923; baseline 0.016 -35"><span class='ocrx_word' id='word_1_150' title='bbox 396 1856 445 1889; x_wconf 88' lang='lat' dir='ltr'>ut</span> <span class='ocrx_word' id='word_1_151' title='bbox 473 1847 649 1892; x_wconf 85' lang='lat' dir='ltr'>tandem</span> <span class='ocrx_word' id='word_1_152' title='bbox 671 1860 925 1910; x_wconf 87' lang='lat' dir='ltr'>appeteret,</span> <span class='ocrx_word' id='word_1_153' title='bbox 951 1853 1178 1915; x_wconf 83' lang='lat' dir='ltr'>compelli⁷</span> <span class='ocrx_word' id='word_1_154' title='bbox 1208 1858 1292 1901; x_wconf 91' lang='lat' dir='ltr'>nisi</span> <span class='ocrx_word' id='word_1_155' title='bbox 1317 1875 1340 1901; x_wconf 88' lang='lat' dir='ltr'>a</span> <span class='ocrx_word' id='word_1_156' title='bbox 1365 1869 1525 1916; x_wconf 85' lang='lat' dir='ltr'>matre,</span> <span class='ocrx_word' id='word_1_157' title='bbox 1549 1865 1706 1923; x_wconf 89' lang='lat' dir='ltr'>potuit.</span> <span class='ocrx_word' id='word_1_158' title='bbox 1732 1867 1794 1909; x_wconf 91' lang='lat' dir='ltr'>Ea</span> 
     </span>
     <span class='ocr_line' id='line_1_22' title="bbox 396 1926 1794 2001; baseline 0.014 -32"><span class='ocrx_word' id='word_1_159' title='bbox 396 1926 571 1971; x_wconf 88' lang='lat' dir='ltr'>demum</span> <span class='ocrx_word' id='word_1_160' title='bbox 593 1930 793 1987; x_wconf 78' lang='lat' dir='ltr'>extudit,</span> <span class='ocrx_word' id='word_1_161' title='bbox 821 1934 962 1993; x_wconf 83' lang='lat' dir='ltr'>magis</span> <span class='ocrx_word' id='word_1_162' title='bbox 989 1935 1217 1993; x_wconf 82' lang='lat' dir='ltr'>convicio,</span> <span class='ocrx_word' id='word_1_163' title='bbox 1240 1954 1371 1998; x_wconf 84' lang='lat' dir='ltr'>quam</span> <span class='ocrx_word' id='word_1_164' title='bbox 1400 1941 1606 2001; x_wconf 88' lang='lat' dir='ltr'>precibus</span> <span class='ocrx_word' id='word_1_165' title='bbox 1634 1944 1700 1988; x_wconf 93' lang='lat' dir='ltr'>vel</span> <span class='ocrx_word' id='word_1_166' title='bbox 1722 1961 1794 1989; x_wconf 88' lang='lat' dir='ltr'>au-</span> 
     </span>
     <span class='ocr_line' id='line_1_23' title="bbox 393 2009 1791 2078; baseline 0.014 -28"><span class='ocrx_word' id='word_1_167' title='bbox 393 2009 622 2066; x_wconf 84' lang='lat' dir='ltr'>ctoritate,</span> <span class='ocrx_word' id='word_1_168' title='bbox 644 2010 750 2054; x_wconf 89' lang='lat' dir='ltr'>dum</span> <span class='ocrx_word' id='word_1_169' title='bbox 777 2029 878 2056; x_wconf 89' lang='lat' dir='ltr'>eum</span> <span class='ocrx_word' id='word_1_170' title='bbox 902 2013 1141 2060; x_wconf 79' lang='lat' dir='ltr'>identidem</span> <span class='ocrx_word' id='word_1_171' title='bbox 1161 2034 1238 2078; x_wconf 92' lang='lat' dir='ltr'>per</span> <span class='ocrx_word' id='word_1_172' title='bbox 1258 2021 1572 2066; x_wconf 88' lang='lat' dir='ltr'>contumeliam</span> <span class='ocrx_word' id='word_1_173' title='bbox 1594 2035 1791 2069; x_wconf 87' lang='lat' dir='ltr'>anteam-</span> 
     </span>
     <span class='ocr_line' id='line_1_24' title="bbox 393 2086 1790 2154; baseline 0.015 -24"><span class='ocrx_word' id='word_1_174' title='bbox 393 2086 603 2133; x_wconf 86' lang='lat' dir='ltr'>bulonem</span> <span class='ocrx_word' id='word_1_175' title='bbox 634 2091 782 2135; x_wconf 89' lang='lat' dir='ltr'>fratris</span> <span class='ocrx_word' id='word_1_176' title='bbox 817 2093 1027 2154; x_wconf 86' lang='lat' dir='ltr'>appellat.</span> <span class='ocrx_word' id='word_1_177' title='bbox 1057 2097 1285 2142; x_wconf 87' lang='lat' dir='ltr'>Tribunus</span> <span class='ocrx_word' id='word_1_178' title='bbox 1312 2101 1505 2146; x_wconf 90' lang='lat' dir='ltr'>militum</span> <span class='ocrx_word' id='word_1_179' title='bbox 1533 2104 1577 2147; x_wconf 89' lang='lat' dir='ltr'>in</span> <span class='ocrx_word' id='word_1_180' title='bbox 1602 2105 1790 2150; x_wconf 88' lang='lat' dir='ltr'>Thracia</span> 
     </span>
     <span class='ocr_line' id='line_1_25' title="bbox 393 2170 1790 2242; baseline 0.015 -32"><span class='ocrx_word' id='word_1_181' title='bbox 393 2170 569 2213; x_wconf 87' lang='lat' dir='ltr'>meruit.</span> <span class='ocrx_word' id='word_1_182' title='bbox 596 2173 805 2228; x_wconf 81' lang='lat' dir='ltr'>Quaestor</span> <span class='ocrx_word' id='word_1_183' title='bbox 838 2176 1019 2218; x_wconf 85' lang='lat' dir='ltr'>Cretam</span> <span class='ocrx_word' id='word_1_184' title='bbox 1057 2186 1100 2220; x_wconf 77' lang='lat' dir='ltr'>et</span> <span class='ocrx_word' id='word_1_185' title='bbox 1138 2180 1334 2239; x_wconf 85' lang='lat' dir='ltr'>Cyrenas</span> <span class='ocrx_word' id='word_1_186' title='bbox 1365 2184 1640 2242; x_wconf 87' lang='lat' dir='ltr'>provinciam</span> <span class='ocrx_word' id='word_1_187' title='bbox 1675 2196 1790 2231; x_wconf 88' lang='lat' dir='ltr'>sorte</span> 
     </span>
     <span class='ocr_line' id='line_1_26' title="bbox 391 2250 1786 2321; baseline 0.014 -29"><span class='ocrx_word' id='word_1_188' title='bbox 391 2250 520 2310; x_wconf 83' lang='lat' dir='ltr'>cepit.</span> <span class='ocrx_word' id='word_1_189' title='bbox 547 2250 783 2297; x_wconf 84' lang='lat' dir='ltr'>AEdilitatis</span> <span class='ocrx_word' id='word_1_190' title='bbox 808 2270 857 2297; x_wconf 90' lang='lat' dir='ltr'>ac</span> <span class='ocrx_word' id='word_1_191' title='bbox 895 2272 995 2299; x_wconf 84' lang='lat' dir='ltr'>mox</span> <span class='ocrx_word' id='word_1_192' title='bbox 1024 2269 1227 2318; x_wconf 85' lang='lat' dir='ltr'>praeturae</span> <span class='ocrx_word' id='word_1_193' title='bbox 1249 2262 1528 2321; x_wconf 84' lang='lat' dir='ltr'>candidatus,</span> <span class='ocrx_word' id='word_1_194' title='bbox 1556 2265 1675 2310; x_wconf 88' lang='lat' dir='ltr'>illam</span> <span class='ocrx_word' id='word_1_195' title='bbox 1698 2284 1786 2311; x_wconf 88' lang='lat' dir='ltr'>non</span> 
     </span>
     <span class='ocr_line' id='line_1_27' title="bbox 391 2330 1785 2408; baseline 0.015 -37"><span class='ocrx_word' id='word_1_196' title='bbox 391 2330 484 2373; x_wconf 85' lang='lat' dir='ltr'>sine</span> <span class='ocrx_word' id='word_1_197' title='bbox 509 2330 686 2392; x_wconf 87' lang='lat' dir='ltr'>repulsa</span> <span class='ocrx_word' id='word_1_198' title='bbox 713 2344 923 2395; x_wconf 83' lang='lat' dir='ltr'>sextoque</span> <span class='ocrx_word' id='word_1_199' title='bbox 951 2336 1048 2381; x_wconf 88' lang='lat' dir='ltr'>loco</span> <span class='ocrx_word' id='word_1_200' title='bbox 1074 2340 1143 2383; x_wconf 85' lang='lat' dir='ltr'>vix</span> <span class='ocrx_word' id='word_1_201' title='bbox 1171 2340 1357 2403; x_wconf 88' lang='lat' dir='ltr'>adeptus</span> <span class='ocrx_word' id='word_1_202' title='bbox 1382 2354 1447 2388; x_wconf 90' lang='lat' dir='ltr'>est</span> <span class='ocrx_word' id='word_1_203' title='bbox 1471 2362 1479 2388; x_wconf 93' lang='lat'>:</span> <span class='ocrx_word' id='word_1_204' title='bbox 1504 2346 1618 2391; x_wconf 88' lang='lat' dir='ltr'>hanc</span> <span class='ocrx_word' id='word_1_205' title='bbox 1647 2348 1785 2408; x_wconf 84' lang='lat' dir='ltr'>prima</span> 
     </span>
     <span class='ocr_line' id='line_1_28' title="bbox 391 2410 1784 2478; baseline 0.014 -26"><span class='ocrx_word' id='word_1_206' title='bbox 391 2410 541 2453; x_wconf 81' lang='lat' dir='ltr'>statim</span> <span class='ocrx_word' id='word_1_207' title='bbox 567 2414 804 2472; x_wconf 83' lang='lat' dir='ltr'>petitione,</span> <span class='ocrx_word' id='word_1_208' title='bbox 834 2426 876 2460; x_wconf 89' lang='lat' dir='ltr'>et</span> <span class='ocrx_word' id='word_1_209' title='bbox 900 2418 944 2460; x_wconf 91' lang='lat' dir='ltr'>in</span> <span class='ocrx_word' id='word_1_210' title='bbox 972 2420 1137 2478; x_wconf 86' lang='lat' dir='ltr'>primis.</span> <span class='ocrx_word' id='word_1_211' title='bbox 1166 2423 1346 2478; x_wconf 83' lang='lat' dir='ltr'>Praetor,</span> <span class='ocrx_word' id='word_1_212' title='bbox 1370 2425 1589 2470; x_wconf 88' lang='lat' dir='ltr'>infensum</span> <span class='ocrx_word' id='word_1_213' title='bbox 1616 2429 1784 2471; x_wconf 87' lang='lat' dir='ltr'>senatui</span> 
     </span>
     <span class='ocr_line' id='line_1_29' title="bbox 391 2490 1785 2558; baseline 0.014 -26"><span class='ocrx_word' id='word_1_214' title='bbox 391 2490 549 2534; x_wconf 86' lang='lat' dir='ltr'>Caium</span> <span class='ocrx_word' id='word_1_215' title='bbox 583 2510 636 2536; x_wconf 85' lang='lat' dir='ltr'>ne</span> <span class='ocrx_word' id='word_1_216' title='bbox 663 2511 752 2554; x_wconf 89' lang='lat' dir='ltr'>quo</span> <span class='ocrx_word' id='word_1_217' title='bbox 783 2513 867 2539; x_wconf 85' lang='lat' dir='ltr'>nou</span> <span class='ocrx_word' id='word_1_218' title='bbox 896 2514 1057 2558; x_wconf 77' lang='lat' dir='ltr'>genere</span> <span class='ocrx_word' id='word_1_219' title='bbox 1085 2499 1400 2557; x_wconf 85' lang='lat' dir='ltr'>demereretur,</span> <span class='ocrx_word' id='word_1_220' title='bbox 1431 2504 1557 2550; x_wconf 80' lang='lat' dir='ltr'>ludos</span> <span class='ocrx_word' id='word_1_221' title='bbox 1592 2516 1785 2550; x_wconf 79' lang='lat' dir='ltr'>extraor-</span> 
     </span>
     <span class='ocr_line' id='line_1_30' title="bbox 390 2568 1785 2647; baseline 0.014 -36"><span class='ocrx_word' id='word_1_222' title='bbox 390 2568 587 2615; x_wconf 87' lang='lat' dir='ltr'>dinarios</span> <span class='ocrx_word' id='word_1_223' title='bbox 614 2590 695 2633; x_wconf 85' lang='lat' dir='ltr'>pro</span> <span class='ocrx_word' id='word_1_224' title='bbox 722 2576 903 2625; x_wconf 80' lang='lat' dir='ltr'>victoria</span> <span class='ocrx_word' id='word_1_225' title='bbox 931 2578 1025 2637; x_wconf 75' lang='lat' dir='ltr'>ejus</span> <span class='ocrx_word' id='word_1_226' title='bbox 1047 2584 1298 2639; x_wconf 77' lang='lat' dir='ltr'>germanica</span> <span class='ocrx_word' id='word_1_227' title='bbox 1319 2585 1601 2646; x_wconf 84' lang='lat' dir='ltr'>depoposcit,</span> <span class='ocrx_word' id='word_1_228' title='bbox 1633 2604 1785 2647; x_wconf 76' lang='lat' dir='ltr'>poenae-</span> 
     </span>
    </p>
   </div>
   <div class='ocr_carea' id='block_1_3' title="bbox 393 2653 1781 2728">
    <p class='ocr_par' dir='ltr' id='par_1_4' title="bbox 393 2653 1781 2728">
     <span class='ocr_line' id='line_1_31' title="bbox 393 2653 1781 2728; baseline 0.014 -37"><span class='ocrx_word' id='word_1_229' title='bbox 393 2666 479 2707; x_wconf 77' lang='lat' dir='ltr'>que</span> <span class='ocrx_word' id='word_1_230' title='bbox 508 2653 844 2712; x_wconf 79' lang='lat' dir='ltr'>conjuratorum</span> <span class='ocrx_word' id='word_1_231' title='bbox 870 2657 1120 2702; x_wconf 72' lang='lat' dir='ltr'>addendum</span> <span class='ocrx_word' id='word_1_232' title='bbox 1150 2665 1314 2706; x_wconf 73' lang='lat' dir='ltr'>censuit</span> <span class='ocrx_word' id='word_1_233' title='bbox 1336 2699 1346 2719; x_wconf 80' lang='lat'>,</span> <span class='ocrx_word' id='word_1_234' title='bbox 1378 2675 1425 2708; x_wconf 85' lang='lat' dir='ltr'>ut</span> <span class='ocrx_word' id='word_1_235' title='bbox 1448 2665 1651 2725; x_wconf 78' lang='lat' dir='ltr'>insepulti</span> <span class='ocrx_word' id='word_1_236' title='bbox 1681 2685 1781 2728; x_wconf 83' lang='lat' dir='ltr'>pro-</span> 
     </span>
    </p>
   </div>
  </div>
 </body>
</html>
