1971 3342
426 239 473 274 30
961 240 997 273 C.
1030 239 1255 274 sUETONII

429 323 672 380 vinciasque
715 319 938 364 divideret.
983 324 1033 364 In
1076 322 1215 382 primo
1259 320 1481 365 consulatu
1526 321 1606 363 tria
1651 319 1779 364 millia

429 400 572 460 pondo
592 401 684 443 auri
706 400 871 444 furatus
895 417 917 443 e
942 400 1176 461 Capitolio,
1197 400 1466 443 tantumdem
1486 400 1669 442 inaurati
1690 401 1781 443 aeris

430 480 631 539 reposuit.
667 481 895 523 Societates
932 496 980 522 ae
1013 495 1142 540 regna
1178 481 1315 540 pretio
1353 479 1490 533 dedit,
1524 488 1572 521 ut
1603 480 1677 538 qui
1708 481 1782 521 uni

428 558 657 602 Ptolemaeo
687 575 821 619 prope
848 576 916 602 sex
943 557 1075 601 millia
1105 557 1367 601 talentorum
1398 575 1475 601 suo
1505 558 1784 617 Pompeiique

430 638 603 680 nomine
628 637 862 681 abstulerit.
894 640 1045 680 Postea
1072 653 1173 679 vero
1200 636 1527 680 evidentissimis
1553 637 1712 697 rapinis
1737 654 1785 679 ac

429 715 681 776 sacrilegiis,
707 726 748 759 et
773 733 903 759 onera
925 715 1139 759 bellorum
1164 707 1373 773 civilium,
1399 726 1441 759 et
1465 716 1785 776 triumphorum

429 812 476 838 ae
502 812 730 838 munerum
755 796 959 838 sustinuit
986 794 1214 855 impendia.

493 876 583 918 LV.
620 874 874 934 Eloquentia
904 873 1163 934 militarique
1190 891 1235 917 re
1266 884 1341 917 aut
1372 875 1554 935 aequavit
1580 884 1785 935 praestan·

432 954 693 996 tissimorum
734 953 942 1014 gloriam,
983 963 1057 997 aut
1094 955 1284 997 excessit.
1326 957 1428 997 Post
1468 955 1784 997 accusationem

434 1031 666 1076 Dolabellae
685 1033 801 1077 haud
825 1034 953 1077 dubie
978 1034 1243 1094 principibus
1266 1034 1457 1093 patronis
1478 1041 1786 1076 annumeratus

430 1121 504 1154 est.
533 1114 658 1155 Certe
689 1114 840 1156 Cicero
869 1113 921 1156 ad
950 1116 1161 1169 Brutum,
1192 1123 1382 1156 oratores
1407 1128 1789 1167 enumerans·,ne-

431 1199 502 1250 gat
527 1210 547 1231 «
563 1207 606 1234 se
628 1190 771 1234 videre
799 1193 868 1234 eui
889 1194 1031 1235 Caesar
1053 1191 1205 1234 debeat
1226 1190 1406 1234 cedere»
1433 1207 1442 1233 ε
1466 1191 1634 1250 aitque,
1660 1209 1680 1230 «
1691 1206 1789 1233 eum

432 1270 698 1329 elegantem,
733 1268 1002 1330 splendidam
1033 1287 1230 1330 quoque,
1266 1279 1395 1329 atque
1430 1270 1557 1313 etiam
1593 1269 1791 1330 magnifi-

433 1364 526 1392 cam
543 1383 554 1404 ,
582 1365 630 1391 ac
656 1365 905 1408 generosam
929 1348 1273 1408 quodammodo,
1299 1350 1508 1392 rationem
1535 1348 1703 1391 dicendi
1729 1358 1791 1391 te-

434 1444 534 1470 nere
555 1444 600 1470 :»
618 1437 660 1470 et
681 1427 735 1470 ad
758 1426 1007 1471 Cornelium
1031 1429 1243 1487 Nepotem
1265 1427 1316 1470 de
1340 1426 1488 1470 eodem
1512 1428 1569 1470 ita
1593 1428 1761 1488 scripsit
1780 1444 1788 1470 τ

433 1506 619 1563 «Quid?
662 1516 884 1550 oratorum
931 1524 1059 1566 quem
1106 1508 1206 1550 huic
1252 1517 1485 1567 antepones
1530 1524 1680 1550 eorum
1717 1509 1792 1567 qui

435 1584 540 1628 nihil
579 1585 695 1629 aliud
732 1585 943 1646 egerunt?
975 1587 1085 1643 Quis
1127 1587 1346 1629 sententiis
1383 1595 1456 1629 aut
1493 1587 1680 1642 acutior,
1716 1596 1792 1629 aut

435 1665 650 1709 crebrior?
675 1667 786 1723 Quis
806 1666 945 1709 verbis
966 1675 1040 1709 aut
1064 1667 1275 1721 ornatior,
1300 1675 1373 1708 aut
1396 1665 1684 1726 elegantior&
1705 1667 1793 1709 Ge-

436 1760 515 1787 nus
556 1743 810 1804 eloquentia}
849 1745 1057 1788 duntaxat
1103 1744 1348 1788 adolescens
1390 1744 1530 1788 adhue
1573 1745 1794 1788 Strabonis

437 1824 614 1866 Caesaris
642 1834 811 1867 secutus
840 1824 1036 1880 videtui-3
1063 1824 1185 1883 eujus
1217 1824 1341 1866 etiam
1368 1840 1416 1866 ex
1449 1825 1669 1880 oratione,
1701 1840 1795 1883 quae

438 1902 686 1945 inscribitur
715 1906 805 1946 Pro
833 1903 1013 1957 Sardis,
1047 1903 1101 1946 ad
1131 1903 1308 1945 verbum
1341 1901 1550 1945 nonnulla
1576 1901 1795 1945 transtulit

438 1981 479 2023 in
503 1982 827 2025 Divinationem
853 1999 986 2025 suam.
1011 1983 1319 2025 Pronuntiasse
1341 1991 1485 2024 autem
1512 1981 1669 2024 dieitur
1693 1997 1796 2024 voce

438 2070 581 2117 acuta,
607 2060 776 2104 ardenti
802 2070 922 2104 motu
947 2070 1177 2120 gestuque,
1203 2077 1288 2102 non
1314 2061 1403 2103 sine
1424 2069 1661 2104 venustate.
1687 2062 1796 2104 Ora-

440 2140 576 2182 tiones
600 2139 765 2199 aliquas
786 2140 978 2199 reliquit,
1001 2141 1111 2182 iuter
1131 2156 1236 2198 quas
1258 2149 1415 2182 temere
1437 2139 1631 2199 quaedam
1654 2140 1797 2183 ferun-

441 2229 513 2261 tur
538 2235 546 2261 :
576 2229 624 2261 ut
649 2222 739 2262 Pro
768 2222 821 2278 Q.
847 2219 1043 2272 Metello,
1072 2235 1200 2278 quam
1226 2236 1311 2262 non
1337 2219 1551 2262 immerito
1576 2221 1796 2280 Augustus

441 2298 654 2341 existimat
680 2299 813 2357 inagis
836 2298 889 2341 ab
913 2299 1113 2341 actuariis
1138 2308 1383 2358 exceptam,
1406 2297 1516 2342 male
1537 2299 1795 2359 subsequen-

442 2378 556 2420 tibus
582 2378 710 2420 verba
733 2378 935 2434 dicentis,
961 2394 1091 2436 quain
1112 2378 1164 2420 ab
1190 2379 1282 2437 ipso
1304 2377 1475 2421 editam.
1500 2380 1613 2423 Nam
1633 2379 1677 2421 in
1699 2379 1795 2438 qui-

443 2455 622 2499 busdam
660 2456 974 2516 exemplaribus
1015 2458 1211 2511 invenio,
1249 2472 1301 2499 ne
1341 2457 1589 2517 inscriptam
1624 2456 1796 2516 quidem

448 2538 536 2578 Pro
564 2536 758 2591 ΛῙείείΙο,
787 2537 881 2593 sed,
908 2553 1038 2597 quam
1058 2536 1228 2597 scripsit
1254 2536 1449 2590 flletello,
1477 2555 1610 2597 quum
1630 2554 1681 2580 ex
1699 2554 1796 2598 per-

450 2629 553 2656 sona
577 2616 754 2658 Caesaris
783 2633 921 2659 sermo
947 2617 1022 2670 sit,
1051 2614 1275 2658 Metellum
1305 2633 1433 2675 seque
1457 2617 1657 2660 adversus
1681 2634 1798 2661 eom-
