1988 3439
723 255 963 289 TIBERIUS.
1473 256 1543 292 125

163 332 337 391 deinde,
359 339 381 380 J
388 335 519 380 uliam
542 353 719 380 uxorem
741 338 796 380 oh
817 336 1017 381 libidines
1039 348 1169 398 atque
1190 340 1404 385 adulteria
1425 341 1544 386 dani-

164 426 331 474 natam,
374 418 695 480 repudiumque
736 419 773 463 ei
820 435 899 463 suo
945 420 1148 477 nomine,
1189 437 1240 465 ex
1285 424 1548 467 auctoritate

163 499 376 559 Augusti,
401 499 630 543 remissum
650 516 658 542 :
679 509 721 543 et
747 516 1012 561 quamquam
1041 501 1162 545 laetus
1185 503 1375 559 nuncio,
1403 513 1546 547 tamen

163 578 293 623 officii
317 579 468 635 duxit,
495 589 711 640 quantum
740 581 784 624 in
814 597 858 625 se
886 590 1016 639 esset,
1045 597 1226 626 exorare
1255 581 1354 626 filiae
1376 592 1547 643 patrem

164 658 462 720 frequentibus
497 658 656 717 literis,
689 670 732 705 et
765 660 832 705 vel
865 671 1090 724 utcunque
1121 663 1313 718 meritae,
1342 665 1550 724 quicquid

162 758 355 802 unquam
379 741 496 786 dono
519 741 735 800 dedisset,
762 743 1015 788 concedere.
1038 746 1277 788 Transacto
1304 754 1451 788 autem
1477 745 1551 788 tri-

163 821 346 866 buniciae
364 823 592 883 potestatis
605 833 823 885 ternpore,
844 824 1066 869 confessus
1088 824 1286 881 tandem,
1304 824 1415 869 nihil
1431 824 1549 869 aliud

162 919 329 948 secessu
350 903 564 949 devitasse
586 922 652 961 se,
674 922 807 966 quam
829 905 1120 950 aemulationis
1141 923 1242 951 cum
1261 908 1368 952 Caio
1391 908 1550 951 Lucio-

164 1001 250 1046 que
269 986 581 1047 suspicionem,
600 987 753 1048 petiit,
774 996 824 1031 ut
842 987 925 1031 sibi
943 1004 1097 1032 securo
1113 988 1203 1049 jam
1227 988 1282 1032 ab
1306 989 1386 1033 hac
1407 997 1552 1050 parte,

164 1067 460 1113 corroboratis
489 1069 584 1126 his,
610 1078 653 1113 et
681 1069 922 1114 secundum
950 1068 1099 1114 locum
1125 1069 1253 1114 facile
1284 1070 1551 1126 tutantibus,

165 1149 495 1208 permitteretur
520 1150 710 1194 revisere
731 1149 1099 1207 necessitudines,
1125 1167 1314 1211 quarum
1338 1150 1552 1195 desiderio

166 1238 401 1273 teneretur.
432 1229 515 1274 Sed
538 1246 681 1291 neque
705 1231 955 1292 impetravit
977 1248 986 1274 :
1016 1230 1222 1291 ultroque
1245 1233 1377 1275 etiam
1403 1232 1554 1276 admo-

165 1309 284 1353 nitus
318 1320 404 1367 est,
439 1309 680 1355 dimitteret
709 1328 885 1355 omnem
920 1327 1071 1355 curam
1099 1328 1302 1370 suorum,
1328 1330 1436 1373 quos
1465 1323 1551 1357 tam

163 1389 324 1451 cupide
351 1390 610 1452 reliquisset.

225 1473 324 1516 XII.
362 1473 589 1516 Remansit
627 1489 732 1534 ergo
764 1473 910 1518 Rhodi
946 1483 1100 1518 contra
1140 1473 1442 1529 voluntatem;
1481 1474 1553 1516 vix

163 1569 241 1615 per
269 1562 456 1598 matrem
482 1564 772 1612 consecutus,
803 1565 853 1598 ut
885 1555 939 1599 ad
975 1553 1204 1599 velandam
1235 1555 1552 1616 ignominiam,

163 1635 286 1695 quasi
313 1633 482 1697 legatus
509 1636 563 1680 ab
596 1638 824 1698 Augusto,
850 1636 1033 1681 abesset.
1063 1638 1302 1680 Enimvero
1334 1646 1438 1680 tunc.
1466 1653 1553 1680 non

164 1717 386 1777 privatum
412 1715 568 1773 modo,
596 1717 672 1761 sed
695 1718 828 1761 etiam
853 1717 1094 1762 obnoxium
1123 1727 1166 1761 et
1191 1717 1415 1778 trepidum
1443 1717 1553 1778 egit,

165 1796 494 1840 mediterraneis
531 1798 646 1859 agris
680 1798 880 1855 abditus,
918 1799 1147 1859 vitansque
1181 1799 1554 1859 praeternavigan-

165 1878 275 1921 tium
315 1876 456 1921 officia
473 1913 485 1934 ,
529 1878 688 1938 quibus
731 1878 1096 1939 frequentabatur
1135 1878 1334 1935 assidue,
1378 1879 1555 1922 nemine

164 1975 263 2002 cum
299 1958 483 2019 imperio
516 1969 592 2002 aut
630 1959 888 2020 magistratu
929 1959 1132 2003 tendente
1167 1976 1411 2020 quoquam,
1447 1960 1553 2019 quin

165 2038 409 2082 deverteret
431 2038 651 2082 Rhodum.
679 2041 734 2083 Et
758 2050 1033 2084 accesserunt
1050 2040 1226 2100 majoris
1246 2038 1555 2083 sollicitudinis

166 2136 320 2163 causae.
349 2120 556 2180 Namque
580 2120 832 2181 privignum
853 2122 1030 2175 Caium,
1054 2122 1226 2166 Orienti
1249 2122 1554 2182 praepositum,

169 2216 305 2260 quum
332 2199 499 2243 visendi
530 2201 670 2260 gratia
700 2202 939 2262 trajecisset
964 2203 1168 2253 Samum,
1194 2201 1446 2246 alieniorem
1475 2202 1555 2245 sibi

169 2280 302 2323 sensit
333 2296 381 2322 ex
411 2280 793 2324 criminationibus
826 2283 888 2325 M.
922 2281 1076 2339 Lollii,
1107 2284 1279 2327 comitis
1307 2293 1350 2327 et
1377 2284 1557 2327 rectoris

170 2361 276 2421 ejus.
298 2361 432 2404 Venit
459 2361 589 2403 ctiam
617 2361 658 2403 in
681 2361 994 2421 suspicionem,
1020 2379 1098 2422 per
1121 2363 1333 2423 quosdam
1360 2363 1557 2407 beneficii

169 2441 235 2484 sui
263 2441 560 2496 centuriones,
585 2458 609 2484 a
639 2451 884 2485 commeatu
904 2452 1045 2486 castra
1067 2453 1331 2504 repetentes,
1353 2444 1556 2488 mandata

170 2520 225 2565 ad
253 2519 500 2581 complures
530 2520 698 2565 dedisse
720 2522 924 2583 ambigua
941 2558 952 2578 ,
983 2533 1025 2566 et
1049 2540 1144 2583 quae
1171 2534 1340 2567 tentare
1363 2523 1557 2585 singulo-

171 2617 270 2644 rum
296 2601 465 2644 animos
484 2601 544 2644 'ad
568 2618 702 2645 novas
729 2620 795 2646 res
823 2603 1087 2647 viderentur.
1115 2606 1182 2647 De
1206 2621 1291 2664 qua
1313 2604 1557 2665 suspicione

175 2681 334 2725 certior
356 2682 411 2725 ab
440 2686 639 2743 Augusto
667 2682 829 2740 factus,
869 2701 955 2727 non
989 2685 1169 2727 cessavit
1208 2684 1446 2745 efflagitare
1479 2684 1556 2729 ali-
