1971 3342
474 261 487 283 1
495 248 517 283 6
993 250 1032 284 C.
1062 250 1287 286 SUETONII

470 345 656 374 cessores
688 330 908 387 tribunos,
938 333 1094 391 partim
1124 348 1200 392 per
1230 332 1425 375 Servium
1454 330 1692 391 Sulpicium
1722 333 1824 377 alte-

471 427 568 454 rum
596 409 829 455 consulem.
860 412 1108 471 Insequenti
1139 424 1311 471 quoque
1341 427 1482 467 anno,
1509 413 1557 455 C.
1588 411 1824 469 Marcello,

470 491 545 549 qui
569 490 690 534 fratri
714 488 896 550 patrueli
925 506 1003 533 suo
1031 492 1181 534 Marco
1211 491 1256 532 in
1281 489 1507 534 consulatu
1538 501 1822 547 successerat,

471 568 620 612 eadem
668 579 889 625 tentante,
937 568 1145 630 collegam
1202 569 1294 629 ejus
1345 568 1564 613 AEmilium
1609 569 1792 614 Paulum
1812 606 1823 627 ,

469 649 708 709 Gaiumque
740 649 1000 705 Curionem,
1032 647 1391 692 violentissimum
1425 648 1727 704 tribunorum,
1756 650 1822 692 in—

468 729 584 788 genti
608 727 803 772 mercede
827 727 1067 772 defensores
1093 728 1272 788 paravit.
1300 726 1385 774 Sed
1407 743 1543 787 quum
1566 729 1821 772 obstinatius

468 807 613 850 omnia
638 808 705 868 agi
730 806 915 864 videret,
943 816 984 851 et
1009 807 1253 868 designatos
1279 807 1407 850 etiam
1433 806 1631 851 consules
1654 823 1677 850 e
1700 818 1822 868 parte

467 887 634 930 diversa
651 921 661 941 ,
688 896 883 930 senatum
909 885 1062 930 litteris
1087 886 1340 947 deprecatus
1364 894 1454 940 est,
1480 902 1535 930 ne
1557 887 1637 929 sibi
1662 887 1822 930 benefi-

465 965 579 1008 cium
612 965 762 1026 populi
794 966 1079 1020 adimeretur3
1109 975 1185 1009 aut
1208 975 1254 1009 ut
1278 966 1408 1010 ceteri
1435 981 1609 1025 quoque
1634 965 1820 1026 impera-

469 1055 583 1088 tores
613 1045 664 1088 ab
694 1046 950 1089 exercitibus
983 1045 1247 1089 discederent
1276 1062 1285 1088 ε
1315 1045 1526 1100 confisus,
1555 1053 1604 1088 ut
1634 1054 1790 1105 putant
1810 1079 1821 1099 ,

463 1124 630 1168 facilius
654 1142 722 1181 se,
753 1124 880 1169 simul
911 1134 1039 1185 atque
1068 1124 1284 1179 libuisset,
1310 1134 1535 1169 veteranos
1560 1133 1820 1168 convocatu-

463 1221 585 1258 rum,
617 1220 744 1264 quam
774 1204 1030 1264 Pompeium
1058 1220 1192 1247 novos
1220 1203 1392 1247 milites.
1424 1205 1538 1247 Cum
1568 1202 1822 1246 adversariis

460 1293 603 1326 autem
634 1282 820 1343 pepigit,
847 1292 920 1338 ut,
952 1281 1135 1326 dimissis
1169 1292 1269 1326 octo
1298 1281 1566 1342 legionibus,
1593 1281 1822 1342 transalpi-

460 1379 599 1422 naque
622 1362 790 1416 Gallia,
811 1361 905 1404 duae
929 1358 1009 1404 sihi
1033 1361 1246 1421 legiones,
1267 1371 1309 1404 et
1332 1361 1550 1421 Cisalpina
1573 1362 1793 1421 provincia
1809 1395 1821 1416 ,

459 1440 525 1485 vel
557 1442 685 1485 etiam
715 1457 801 1485 una
829 1440 941 1501 legio
972 1457 1072 1484 cum
1102 1439 1274 1501 Illyrico
1307 1441 1640 1498 concederetur,
1678 1441 1821 1500 quoad

458 1520 607 1564 consul
633 1520 768 1564 fieret.

520 1602 662 1643 XXX.
698 1602 864 1644 Verum
894 1617 1033 1660 neque
1062 1610 1212 1645 senatu
1239 1600 1573 1656 interveniente,
1599 1610 1640 1644 et
1664 1599 1818 1644 adver-

456 1680 576 1723 sariis
596 1681 871 1741 negantibus,
896 1680 1030 1724 ullam
1054 1698 1097 1725 se
1119 1681 1171 1725 de
1194 1680 1419 1741 republica
1442 1680 1630 1723 facturos
1654 1683 1820 1740 pactio-

457 1776 580 1816 nem,
618 1761 789 1804 transiit
828 1762 872 1804 in
911 1761 1155 1804 citeriorem
1195 1760 1407 1815 Gallia1n3
1448 1760 1819 1819 conventibusque

455 1840 660 1899 peractiS,
688 1843 904 1884 Ravennae
932 1841 1144 1894 substitit,
1169 1839 1283 1883 bello
1308 1839 1630 1894 vindicaturus,
1655 1840 1689 1882 si
1714 1839 1817 1898 quid

453 1919 505 1962 de
523 1920 707 1964 tribunis
726 1919 862 1980 plebis
881 1920 1249 1964 intercedentibus
1267 1937 1347 1980 pro
1370 1936 1413 1962 se
1432 1919 1605 1979 gravius
1625 1935 1650 1961 a
1669 1928 1817 1962 senatu

453 2000 740 2043 constitutum
773 2010 895 2043 esset.
929 2002 983 2043 Et
1016 2008 1274 2060 praetextum
1311 1998 1487 2057 quidem
1525 1997 1587 2040 illi
1623 1997 1816 2041 civilium

453 2094 674 2121 armorum
697 2078 779 2121 hoc
802 2079 881 2121 fuit
906 2095 914 2121 ε
942 2094 1090 2121 causas
1116 2087 1261 2121 autem
1285 2076 1388 2120 alias
1412 2075 1541 2120 fuisse
1565 2077 1815 2136 opinantur.

453 2161 531 2201 Cn.
555 2159 785 2218 Pompeius
810 2159 870 2201 ita
896 2158 1140 2213 dictitabat,
1164 2157 1281 2217 quod
1303 2174 1442 2217 neque
1463 2173 1594 2217 opera
1616 2173 1818 2200 consum-

451 2253 595 2292 mare,
628 2254 722 2296 quae
757 2238 1024 2292 instituerat,
1061 2253 1200 2296 neque
1236 2235 1387 2297 populi
1421 2236 1815 2296 exspectationem,

450 2333 580 2375 quam
611 2316 663 2359 de
693 2316 880 2359 adventu
912 2334 990 2359 suo
1022 2317 1209 2367 fecerat,
1244 2315 1424 2375 privatis
1459 2315 1614 2375 opibus
1642 2313 1814 2374 explere

451 2404 616 2454 posset,
649 2395 823 2438 turbare
853 2397 998 2438 omnia
1027 2413 1076 2439 ae
1108 2396 1367 2455 permiscere
1401 2393 1599 2437 voluisse.
1639 2392 1727 2437 Alii
1759 2395 1811 2436 ti-

451 2476 608 2518 muisse
633 2475 807 2531 dicunt,
832 2492 886 2518 ne
915 2492 1091 2530 eorum,
1119 2491 1213 2533 quae
1242 2475 1382 2533 primo
1406 2473 1632 2517 consulatu
1657 2472 1811 2515 adver-

451 2570 520 2597 sus
549 2555 738 2613 auspicia
770 2554 967 2614 legesque
998 2562 1040 2596 et
1071 2555 1397 2596 intercessiones
1429 2553 1651 2613 gessisset,
1682 2552 1809 2594 ratio-

451 2649 547 2675 nem
573 2633 751 2676 reddere
776 2638 1004 2693 cOgeretur
1029 2650 1037 2675 :
1066 2648 1200 2691 quum
1226 2633 1286 2675 Μ.
1316 2635 1426 2676 Cato
1451 2630 1705 2686 identidem,
1732 2647 1808 2673 nee
