1988 3407
705 272 991 307 VITELLIUS·
1507 270 1552 305 323

153 368 293 402 status
319 368 397 402 est.
422 359 594 401 Rursus
616 355 925 417 interpellante
949 355 1088 400 milite
1116 373 1166 400 ac
1189 356 1354 417 populo
1370 391 1381 413 ,
1406 367 1472 414 et,
1502 374 1555 400 ne

153 439 380 495 deficeret,
414 438 642 493 hortante,
671 453 939 497 omnemque
982 453 1163 498 operam
1194 453 1318 480 suam
1348 439 1552 482 certatim

156 519 423 581 pollicente,
464 519 662 562 animum
694 518 924 572 resumsit3
954 518 1261 578 Sabinumque
1290 528 1334 562 et
1360 518 1555 579 reliquos

152 600 410 657 Flavianos,
432 598 540 644 nihil
559 599 650 659 jam
677 608 943 655 metuentes,
971 600 1009 642 vi
1037 599 1183 643 subita
1212 599 1257 643 in
1282 597 1554 660 Capitolium

159 681 403 744 compulit,
455 696 755 741 succensoque
791 679 957 741 templo
997 681 1118 726 Jovis
1160 681 1333 743 Optimi
1374 682 1558 726 Maximi

157 764 413 826 oppressit;
451 779 590 824 quum
631 771 673 806 et
714 761 942 823 proelium,
979 772 1025 807 et
1066 762 1323 807 incendium
1359 779 1382 807 e
1426 763 1559 807 Tibe·

155 847 279 890 riana
320 844 592 906 prospiceret
629 842 763 888 domo
802 845 916 888 inter
950 843 1114 906 epulas.
1151 845 1256 889 Non
1287 843 1429 888 multo
1459 855 1560 905 post

154 926 371 987 poenitens
412 925 539 983 facti,
577 935 620 970 et
664 927 706 969 in
739 924 848 970 alios
881 924 1058 987 culpam
1100 925 1361 981 conferens,
1404 937 1559 970 vocata

151 1006 368 1051 concione
393 1008 581 1068 juravit,
623 1009 859 1069 coegitque
884 1008 1035 1067 jurare
1063 1017 1254 1062 ceteros,
1294 1027 1316 1049 «
1336 1005 1446 1052 nihil
1478 1007 1559 1051 sibi

151 1089 381 1149 antiquius
412 1089 562 1150 quiete
589 1087 767 1150 publica
807 1089 913 1133 fore.
941 1109 961 1129 »
989 1091 1115 1133 Tunc
1143 1087 1338 1133 solutum
1368 1106 1392 1132 a
1425 1088 1560 1133 latere

158 1171 423 1231 pugionem,
445 1169 614 1214 consuli
639 1171 857 1232 primum,
878 1169 1058 1225 deinde,
1086 1169 1161 1214 illo
1189 1180 1444 1224 recusante,
1471 1187 1561 1214 ma·

154 1250 445 1312 gistratibuS,
478 1268 527 1295 ac
549 1268 649 1295 mox
671 1251 948 1295 senatoribus
968 1250 1154 1312 singulis
1173 1251 1420 1312 porrigens,
1438 1249 1559 1295 nullo

154 1332 421 1393 recipiente,
442 1333 567 1392 quasi
595 1333 637 1375 in
667 1332 758 1376 aede
782 1331 1046 1376 Concordiae
1069 1333 1315 1392 positurus,
1334 1332 1557 1376 abscessit.

156 1413 244 1458 Sed
289 1414 554 1474 quibusdam
598 1413 966 1466 acclamantibus,
1001 1415 1189 1476 «ipsum
1224 1431 1317 1458 esse
1357 1417 1558 1459 Concor-

154 1493 294 1552 diam,
318 1515 339 1536 »
360 1495 491 1540 rediit
513 1512 521 1538 :
547 1512 628 1539 nec
653 1493 796 1539 solum
817 1496 1012 1539 retinere
1035 1512 1080 1538 se
1103 1494 1273 1540 ferrum
1299 1495 1557 1550 affirmavit,

154 1595 306 1624 verum
335 1578 468 1622 etiam
497 1576 759 1622 Concordiae
788 1577 985 1638 recipere
1006 1593 1271 1638 cognomen.

221 1661 345 1705 XVI.
381 1660 618 1720 Suasitque
653 1660 847 1714 senatui,
877 1668 926 1703 ut
963 1657 1128 1719 legatos
1162 1675 1264 1703 cum
1312 1659 1559 1720 virginibus

154 1740 394 1785 vestalibus
418 1740 672 1796 mitterent,
701 1756 873 1801 pacem,
901 1750 978 1784 aut
1005 1749 1126 1784 certe
1160 1750 1335 1802 tempus
1364 1740 1418 1785 ad
1449 1757 1558 1785 con-

154 1820 410 1865 sultandum
426 1856 437 1874 ,
459 1821 689 1881 petituros.
707 1820 926 1865 Postridie
945 1838 1155 1882 responsa
1172 1823 1420 1883 opperienti
1445 1839 1561 1866 nun-

157 1904 320 1947 ciatum
359 1912 423 1945 est
463 1919 540 1963 per
580 1900 936 1963 exploratorem,
971 1902 1141 1946 hostem
1185 1904 1558 1965 appropinquare.

157 1984 386 2028 Continuo
416 1984 554 2045 igitur
579 1983 809 2027 abstrusus
835 1984 1076 2045 gestatoria
1104 1982 1230 2037 sella,
1260 1984 1434 2029 duobus
1458 1984 1561 2029 solis

154 2064 417 2119 comitibus,
456 2065 621 2125 pistore
659 2074 699 2107 et
734 2080 900 2125 coquo,
946 2066 1218 2110 Aventinum
1251 2075 1294 2110 et
1329 2075 1559 2127 paternam

153 2145 334 2189 domum
374 2143 488 2189 clam
528 2145 674 2206 petiit,
721 2156 769 2189 ut
806 2144 905 2189 inde
948 2147 989 2190 in
1036 2147 1327 2208 Campaniam
1372 2146 1558 2207 fugeret.

154 2228 284 2281 Mox,
313 2225 395 2270 levi
435 2243 613 2271 rumore
655 2237 697 2270 et
725 2228 920 2282 incerto,
962 2237 1171 2288 tanquam
1208 2245 1293 2289 pax
1325 2229 1560 2289 impetrata

153 2319 286 2361 esset,
320 2307 471 2351 referri
499 2324 542 2351 se
580 2309 622 2351 in
654 2306 874 2352 Palatium
910 2326 1064 2369 passus
1089 2320 1153 2353 est
1181 2327 1189 2352 :
1215 2310 1288 2353 ubi
1318 2326 1454 2369 quum
1485 2309 1560 2353 dc-

154 2398 267 2432 serta
314 2389 465 2431 omnia
506 2389 768 2449 reperisset,
800 2387 1102 2433 dilabentibus
1130 2391 1288 2444 etiam,
1319 2393 1394 2450 qui
1430 2389 1559 2434 simul

154 2480 300 2523 erant,
341 2486 452 2512 zona
479 2486 522 2513 se
553 2486 790 2513 aureorum
831 2469 958 2530 plena
996 2470 1310 2525 circumdedi13
1339 2470 1561 2532 confugit-

155 2565 239 2609 que
281 2551 321 2592 in
364 2548 570 2593 cellulam
610 2551 834 2608 janitoris,
877 2550 1063 2612 religato
1104 2568 1181 2611 pro
1220 2551 1389 2595 foribus
1423 2568 1559 2603 canc,

154 2628 358 2691 lectoque
386 2641 428 2674 et
455 2630 617 2674 culcita
647 2631 842 2691 objectis.

223 2713 368 2756 lel.
408 2713 664 2772 irruperant
692 2712 782 2772 jam
820 2715 1008 2774 agminis
1045 2725 1365 2770 antecessores,
1398 2730 1447 2757 ac
1483 2731 1558 2756 ne-

1323 2793 1346 2836 ’ὅ
