1971 3342
371 274 383 297 ῖ
395 262 414 297 8
428 268 440 304 ',
1002 260 1156 296 NOTAE

420 342 506 376 Gir.
530 340 672 375 XLIII.
693 339 769 374 Ter.
786 339 829 373 In
852 339 1020 372 Mmam.
1044 341 1177 384 Anqrr.
1202 351 1212 371 .·
1234 356 1246 367 ἰ
1268 338 1398 373 Ludos.
1420 337 1489 373 feci
1515 350 1600 373 meo
1615 337 1769 373 nomine

366 410 509 450 quater.
528 419 542 434 n

420 466 639 501 Histriones.
659 466 716 500 Ita
735 476 838 512 sup.‚
864 463 904 498 in
927 464 1024 498 Coes.
1038 490 1047 505 ,
1070 475 1206 499 xxxix.

423 528 555 575 Septis.
584 526 684 573 Dio,
723 539 828 573 ΜΠ,
855 538 893 574 Ρ.
924 524 997 561 512
1026 538 1034 559 :
1064 530 1210 565 Σεπτὰ...
1248 535 1356 565 ταῦτα.
1389 532 1418 564 ἐν
1453 535 1499 577 τῷ
1534 524 1638 577 Ᾰρείῳ
1665 527 1772 577 πεδίῳ

367 596 479 634 στοαῖς
498 594 590 640 πέριξ
611 595 673 629 ὑπὸ
697 598 754 628 τοῦ
779 590 925 627 Λεπίδου
946 593 1023 638 πρὸς
1046 606 1104 631 τας
1125 592 1295 637 φυλετικὰς
1319 592 1528 639 ἀρχαιρεσίας
1547 589 1774 639 συνῳκοδομη-

367 658 470 702 μένα,
482 656 539 691 καὶ
552 656 653 697 πλαξὶ
665 657 798 695 λιθίναις
819 655 875 689 καὶ
898 655 1154 701 ζωγραφήμασιν
1177 654 1401 700 ἐπεκόσμησεν
1421 646 1522 700 (scil.
1535 655 1551 688 ὁ
1573 646 1774 701 Ᾱγρίππας),

366 714 471 754 Ῐούλια
492 719 579 754 αὐτὰ
602 719 667 753 ἀπὸ
691 723 748 752 τοῦ
774 719 962 764 Αὐγούστου
983 718 1257 763 προσαγορεύσας.

427 785 686 821 Venationem.
713 786 771 820 De
790 781 995 819 venatione
1015 781 1192 827 circensi,
1206 781 1294 818 vide
1309 794 1444 829 supra,
1469 781 1591 824 Caes„
1612 794 1744 819 xxxix,

419 859 467 893 In
489 856 633 904 Campo
657 856 803 891 Martio
808 883 869 891 .....
893 854 1084 891 sedilibus.
1106 856 1200 901 Dio,
1223 868 1308 900 mv,
1329 868 1367 902 p.
1389 855 1464 903 496
1496 867 1505 890 z
1530 860 1600 895 Καὶ
1626 862 1777 908 γυμνικὸς

366 922 405 959 δὲ
425 925 500 958 τότε
524 925 630 970 ἀγὼν,
650 920 790 957 σταδίου
811 924 894 962 τινὀς
919 924 949 956 ἐν
970 927 1016 969 τῷ
1035 916 1138 968 Ᾱρείῳ
1157 920 1266 968 πεδίῳ
1288 922 1408 962 ξυλίνου
1433 924 1776 964 κατασκευασθέντος,

367 986 512 1023 ἐποιήθη,
544 979 710 1016 Romani
737 979 852 1015 ludos
871 978 910 1014 in
939 980 1088 1014 theatro
1119 985 1258 1015 stantes
1285 985 1392 1014 antea
1422 979 1657 1026 spectabant.
1693 980 1774 1015 Val.

365 1044 490 1088 Max„
529 1054 585 1086 11,
614 1046 636 1086 4
662 1054 671 1077 :
705 1042 1073 1078 «Senatusconsulto
1109 1047 1260 1076 cautum
1300 1047 1376 1085 est,
1402 1052 1450 1076 ne
1482 1040 1568 1089 quis
1600 1041 1640 1077 in
1670 1041 1775 1079 Urbe

364 1103 572 1153 propiusve
593 1116 727 1151 passus
746 1103 847 1139 mille
869 1102 1046 1139 subsellia
1064 1103 1257 1151 posuisse,
1281 1102 1462 1138 sedensve
1481 1103 1594 1139 ludos
1607 1111 1776 1152 spectare

366 1166 497 1213 vellet,
516 1171 560 1201 ut
579 1165 721 1201 scilicet
739 1163 953 1201 remissioni
973 1163 1187 1201 animorum
1204 1164 1336 1211 juncta
1350 1164 1476 1200 standi
1489 1163 1664 1210 virilitas,
1680 1177 1778 1212 pro-

364 1227 450 1276 pria
471 1240 638 1264 romanae
660 1227 782 1277 gentis
799 1234 893 1263 nota
915 1234 1022 1263 esset.
1045 1244 1060 1258 ν

421 1299 572 1335 cavato.
594 1300 651 1334 Ita
679 1299 785 1334 fflon.
809 1302 945 1342 Ancyr.
966 1312 976 1332 :
998 1316 1011 1330 <‹
1029 1298 1181 1334 Navalis
1206 1298 1331 1346 prcelii
1351 1298 1608 1346 spectaculum
1627 1299 1778 1347 populo

366 1361 456 1398 dedi
479 1368 583 1397 trans
606 1360 776 1397 Tiberim
790 1389 800 1406 ‚
830 1360 868 1396 in
899 1373 979 1409 quo
1001 1361 1087 1396 loco
1115 1372 1217 1396 nunc
1243 1373 1376 1396 nemus
1402 1367 1456 1396 est
1477 1361 1686 1407 Caesarum,
1709 1372 1774 1396 ca-

367 1430 456 1459 vato
484 1425 590 1469 solo,
616 1430 688 1459 etc.
707 1440 722 1454 »

421 1496 597 1544 Aurc'gas.
618 1497 676 1531 De
696 1493 837 1543 aurigis
856 1494 943 1529 vide
965 1495 1130 1530 ΡΑΝῊΝ.
1144 1521 1154 1539 ,
1177 1495 1226 1530 cle
1245 1494 1341 1529 Lud.
1360 1494 1547 1537 Circens„
1574 1507 1608 1539 1,
1639 1506 1653 1529 1
1666 1507 1695 1529 ι.

423 1559 679 1606 memoresque.
717 1559 776 1593 De
803 1556 1027 1592 cursoribus
1058 1556 1147 1592 vide
1170 1557 1420 1601 Bumzuezn„
1457 1556 1506 1590 de
1544 1555 1639 1591 Cir-c.
1671 1557 1776 1590 Rom.

368 1620 559 1669 Ludc'sque
586 1620 769 1662 Cenem„
795 1631 826 1654 c.
858 1630 965 1654 xxx1.

422 1692 614 1726 Ferarum.
635 1691 694 1726 De
720 1689 1008 1726 confectoribus
1033 1690 1200 1726 ferarum
1220 1688 1309 1724 vide
1340 1690 1594 1734 Burni-mnn„
1622 1689 1670 1723 de
1701 1687 1778 1722 Ve—

369 1754 520 1788 nacc'one
548 1752 672 1794 Circi,
694 1765 773 1787 var.
796 1754 889 1798 loc.‚
911 1752 949 1786 in
969 1752 1080 1786 Thes.
1102 1753 1246 1794 Gneo„
1270 1758 1295 1785 t.
1319 1764 1372 1786 ιχ.

428 1815 550 1860 Trojoe
570 1816 708 1850 ludum.
736 1813 836 1849 Vide
864 1826 998 1861 supra,
1022 1813 1139 1857 Caes„
1167 1826 1301 1850 xxxix.

424 1880 684 1925 Asprenatem.
707 1878 966 1924 Asprenatum
979 1875 1213 1912 mentionem
1233 1875 1322 1912 facit
1335 1875 1430 1911 Plin.
1444 1904 1455 1922 ,
1474 1888 1569 1921 xxx,
1585 1887 1606 1921 7
1623 1887 1632 1910 ε
1647 1890 1662 1907 ι
1677 1874 1782 1911 Con-

370 1940 503 1977 sularis
526 1942 778 1987 Asprenatum
804 1937 942 1975 domus
969 1945 1068 1974 est.»

423 2011 626 2047 AEsernini.
655 2013 780 2056 Quem
811 2010 883 2046 sibi
904 2017 1113 2058 patronum
1132 2010 1230 2059 petit
1256 2011 1325 2046 Cn.
1353 2009 1439 2045 Piso
1467 2007 1685 2045 Germanici
1706 2020 1781 2044 cae⁴

370 2075 427 2110 dis
446 2080 661 2117 accusatus,
682 2073 721 2107 in
741 2072 881 2118 Tacit.‚
905 2075 1065 2116 Ana-ecl„
1092 2085 1140 2108 111
1156 2100 1166 2118 ‚
1192 2085 1205 2108 1
1219 2086 1249 2108 1.

429 2145 523 2180 Usus
544 2152 608 2179 est.
636 2143 698 2179 Sic
717 2143 815 2189 Dio,
841 2156 940 2188 mn,
968 2156 1006 2191 p.
1031 2142 1118 2179 518.

423 2209 764 2244 Senatusconsulco.
789 2206 844 2241 Cf.
867 2208 1010 2251 Dlow„
1034 2219 1117 2252 ων,
1135 2219 1173 2254 p.
1202 2205 1288 2241 522.
1315 2207 1439 2252 Quem
1456 2205 1623 2240 imitatus
1642 2211 1698 2240 est
1715 2202 1781 2238 Vi-

372 2271 505 2308 tellius.
528 2269 670 2314 Tacit.‚
703 2270 826 2314 His-t„
855 2282 908 2314 11,
940 2270 990 2305 62
1023 2281 1031 2303 :
1066 2269 1261 2305 «Cautum
1280 2280 1429 2315 severe,
1456 2280 1505 2303 ne
1535 2267 1779 2315 equites‘ro—

371 2333 473 2369 mani
494 2332 588 2368 ludo
608 2338 646 2367 et
666 2343 782 2367 arena
809 2332 1087 2379 polluerentur.
1110 2347 1126 2363 »

428 2397 609 2433 Muneris.
640 2397 786 2443 Nempe
810 2394 1040 2445 gladiatorii.
1070 2395 1170 2431 Vide
1199 2408 1336 2443 supra,
1361 2395 1456 2431 Coes.
1473 2422 1485 2438 ,
1510 2407 1547 2430 x.

427 2458 650 2495 Parthorum
670 2458 827 2492 obsides.
850 2458 907 2492 De
928 2457 1091 2506 quibus,
1118 2469 1232 2505 supra
1245 2485 1254 2503 ,
1275 2470 1306 2492 c.
1335 2469 1415 2493 xx1.

427 2522 671 2557 invisitatum.
694 2519 781 2556 scil.
809 2527 919 2555 antea
943 2533 1020 2554 non
1041 2519 1176 2555 visum.
1198 2520 1279 2556 Liv.
1294 2548 1303 2565 ‚
1323 2530 1433 2556 xxvn
1447 2546 1457 2564 ,
1478 2517 1529 2567 39
1545 2531 1553 2553 :
1568 2534 1583 2550 a
1598 2514 1781 2553 Invisitati

374 2595 539 2631 namque
559 2590 671 2618 antea
694 2570 925 2630 alienigenis.
949 2598 964 2612 »

431 2645 582 2693 Tlgsim.
604 2643 699 2679 Plin.
716 2672 725 2688 ,
754 2645 798 2678 H.
822 2644 890 2686 N,
918 2656 1014 2688 vm,
1046 2655 1088 2688 17
1113 2657 1120 2677 :
1149 2643 1300 2679 «Divus
1330 2645 1547 2692 Augustus,
1571 2643 1617 2685 Q.
1646 2638 1779 2674 Tube-

376 2718 487 2750 rone,
511 2705 628 2740 Fabio
658 2704 826 2741 Maximo
847 2718 939 2739 coss.
967 2718 1022 2751 iv,
1045 2718 1166 2741 nonas
1190 2705 1327 2750 maias,
1355 2703 1491 2739 theatri.
1515 2701 1685 2737 Marcelli
1713 2700 1785 2735 de—
