1988 3439
694 300 957 336 CALIGULA.
1442 304 1509 347 173

139 385 369 447 praesedit3
405 384 477 429 sed
514 382 733 428 interdum
772 394 846 428 aut
888 383 1209 444 magistratibus
1243 397 1317 430 aut
1353 389 1509 432 amicis

139 463 398 527 praesidendi
418 481 576 508 munus
598 463 799 523 injunxit.
822 464 1025 508 Scenicos
1046 463 1172 508 ludos
1190 476 1232 509 et
1254 467 1423 512 assidue
1437 504 1447 523 ,
1470 479 1512 512 et

141 547 249 590 varii
275 546 463 608 generis,
487 560 536 588 ac
560 542 842 587 multifariam
873 544 973 589 fecit
993 562 1002 588 :
1026 545 1246 605 quondam
1271 556 1311 590 et
1334 558 1512 591 noctur—

142 643 221 671 nos
240 662 251 684 ‚
279 625 470 670 accensis
505 633 595 668 tota
634 623 741 668 urbe
773 623 1023 669 luminibus.
1061 626 1230 686 Sparsit
1261 636 1303 670 et
1334 627 1513 671 missilia

142 707 360 751 variarum
393 721 565 761 rerum,
590 713 633 748 et
656 705 836 765 panaria
866 721 966 749 cum
1001 706 1184 766 opsonio
1210 707 1373 750 viritim
1401 706 1513 750 divi-

141 789 208 832 sit.
239 788 340 844 Qua
370 784 619 848 epulatione
650 786 786 846 equiti
821 803 1032 843 romano,
1067 798 1221 831 contra
1255 805 1298 832 se
1328 786 1509 832 hilarius

141 868 396 928 avidiusque
424 867 644 923 vescenti,
666 876 810 927 partes
839 883 938 911 suas
969 868 1085 912 misit
1109 885 1118 911 :
1149 867 1222 912 sed
1249 878 1291 912 et
1319 869 1511 912 senatori

138 949 193 993 ob
228 947 422 992 eamdem
455 964 631 992 causam
668 946 916 1003 codicillos,
957 949 1114 1009 quibus
1146 959 1376 1010 praetorem
1411 966 1512 992 eum

139 1039 259 1074 extra
282 1028 480 1073 ordinem
509 1027 776 1090 designabat.
799 1028 948 1072 Edidit
978 1039 1021 1073 et
1053 1030 1266 1073 circenses
1295 1029 1510 1090 plurimos

141 1125 165 1154 a
192 1125 317 1154 mane
352 1125 488 1170 usque
513 1107 568 1152 ad
603 1125 854 1170 vesperam,
881 1109 1109 1170 interjecta
1140 1109 1271 1153 modo
1299 1109 1512 1153 africana-

138 1206 238 1233 rum
266 1189 495 1233 venatione
517 1222 528 1243 ,
566 1188 696 1232 modo
724 1190 866 1249 Trojae
900 1189 1156 1233 decursione
1186 1208 1194 1233 :
1225 1200 1268 1233 et
1302 1189 1511 1250 quosdam

140 1270 406 1330 praecipuos,
439 1270 573 1313 minio
612 1279 654 1313 ct
692 1268 965 1330 chrysocolla
1002 1279 1224 1313 constrato
1261 1271 1400 1324 circo,
1432 1287 1511 1314 nec

141 1348 263 1403 ullis,
293 1350 371 1393 nisi
403 1366 454 1393 ex
481 1350 699 1393 senatorio
730 1349 908 1406 ordine,
936 1351 1251 1411 aurigantibus.
1283 1352 1515 1395 Commisit

139 1439 181 1473 et
212 1429 407 1486 subitos,
435 1446 569 1490 quum
599 1445 622 1473 e
651 1428 885 1473 Gelotiana
913 1440 1170 1490 apparatum
1204 1431 1306 1474 circi
1340 1431 1512 1492 prospi-

138 1509 325 1553 cientem
348 1510 476 1570 pauci
503 1525 554 1552 ex
579 1509 790 1570 proximis
820 1510 1046 1553 moenianis
1074 1509 1376 1570 postulassent.

201 1591 321 1634 XIX.
343 1591 520 1634 Novum
544 1600 750 1651 praeterea
771 1599 902 1650 atque
922 1590 1167 1634 inauditum
1191 1608 1326 1652 genus
1349 1601 1516 1652 specta-

138 1668 225 1714 culi
247 1670 522 1732 excogitavit.
543 1671 655 1714 Nam
678 1671 881 1715 Baiarum
909 1671 1101 1715 medium
1129 1671 1408 1716 intervallum
1431 1674 1516 1716 Pu-

137 1749 330 1794 teolanas
363 1749 417 1794 ad
448 1749 582 1795 moles
601 1786 612 1805 ‚
644 1753 780 1795 trium
812 1750 998 1795 millium
1026 1761 1067 1795 et
1096 1762 1400 1796 sexcentorum
1427 1752 1516 1796 fere

139 1848 367 1892 passuum,
390 1841 524 1892 ponte
550 1833 801 1893 conjunxit,
827 1833 1062 1877 contractis
1085 1834 1280 1894 undique
1305 1834 1518 1878 onerariis

139 1911 344 1968 navibus,
368 1921 412 1955 et
436 1911 590 1956 ordine
619 1911 782 1973 duplici
811 1912 864 1956 ad
889 1930 1070 1957 ancoras
1094 1913 1337 1971 collocatis,
1365 1931 1518 1974 super-

133 1990 338 2052 jectoque
366 2007 523 2053 aggere
550 2001 752 2048 terreno,
781 2009 830 2036 ac
859 1992 1025 2037 directo
1055 1994 1098 2036 in
1130 1994 1283 2054 Appiae
1317 1995 1397 2037 viae
1426 1994 1516 2037 for-

138 2086 267 2114 mam.
294 2073 376 2115 Per
405 2071 524 2116 hunc
554 2081 732 2134 pontem
769 2071 884 2116 ultro
913 2074 1025 2117 citro
1058 2075 1348 2130 commeavit,
1384 2074 1518 2117 biduo

139 2151 404 2206 continenti3
429 2152 572 2212 primo
595 2152 664 2196 die
687 2152 917 2214 phalerato
941 2170 1074 2215 equo,
1098 2155 1368 2216 insignisque
1392 2171 1520 2215 quer-

139 2246 219 2274 nea
250 2246 439 2286 corona,
468 2240 511 2275 et
544 2242 699 2287 caetra,
732 2243 774 2276 et
807 2233 978 2294 gladio,
1011 2251 1229 2295 aureaque
1259 2234 1517 2296 chlamyde;

140 2308 347 2370 postridie
374 2309 656 2372 quadrigario
684 2311 861 2368 habitu,
885 2313 1193 2375 curriculoque
1219 2315 1357 2376 bijugi
1382 2315 1519 2359 famo-

138 2405 287 2433 sorum
314 2406 552 2451 equorum,
578 2408 665 2452 proe
690 2408 733 2435 se
758 2392 899 2436 ferens
925 2395 1108 2438 Darium
1133 2411 1316 2455 puerum
1341 2412 1391 2439 ex
1416 2398 1519 2439 Par-

141 2469 319 2513 thorum
341 2469 586 2528 obsidibus;
605 2473 846 2517 comitante
869 2475 1233 2535 praetorianorum
1258 2476 1454 2536 agmine,
1478 2485 1519 2518 ct

141 2547 185 2592 in
202 2549 363 2593 essedis
379 2550 561 2607 cohorte
575 2553 830 2596 amicorum.
849 2555 946 2598 Scio
958 2590 968 2610 ,
987 2553 1220 2615 plerosque
1234 2556 1517 2607 existimasse,

141 2627 273 2673 talem
305 2646 330 2674 a
357 2631 463 2675 Caio
499 2641 674 2692 pontem
705 2635 999 2695 excogitatum
1032 2634 1306 2678 {emulatione
1334 2635 1487 2678 Xerxis
1507 2669 1517 2689 ‚

146 2709 219 2767 qui
245 2725 330 2753 non
357 2711 448 2754 sine
474 2711 763 2757 admiratione
789 2713 1013 2774 aliquanto
1038 2715 1331 2775 angustiorem
1355 2714 1518 2759 Helles-
