1988 3439
542 252 785 289 OCTAVIUS
809 255 1072 291 AUGUSTUS.
1442 268 1488 279 ’··’

1447 284 1481 301 11

128 337 254 390 simo,
273 335 488 379 interdum
512 334 632 379 nullo
661 337 825 396 pretio,
852 337 1014 380 viritim
1038 335 1267 381 admensus
1292 348 1375 395 est,
1403 349 1486 383 tes-

127 431 326 476 serasque
354 417 615 460 nummarias
637 415 887 476 duplicavit.

191 498 328 540 XLII.
357 495 441 540 Sed
455 505 504 539 ut
527 494 744 540 salubrem
768 497 902 557 magis
921 512 1053 557 quam
1077 496 1355 541 ambitiosum
1376 500 1490 559 prin-

127 576 267 638 cipem
293 578 447 632 scires,
475 586 730 636 querentem
763 575 815 620 de
846 577 990 637 inopia
1016 586 1059 620 et
1086 577 1265 621 caritate
1291 578 1382 621 vini
1412 596 1491 639 po-

128 655 282 717 pulum
306 655 572 700 severissima
596 657 787 700 coercuit
810 672 913 700 voce
940 674 988 700 :«
1002 657 1112 701 Satis
1138 658 1362 718 provisum
1384 675 1408 701 a
1427 675 1495 719 ge-

130 752 234 780 nero
259 753 336 780 suo
350 736 569 797 Agrippa,
584 735 803 797 perductis
824 735 1022 797 pluribus
1046 738 1188 797 aquis,
1217 754 1270 781 ne
1296 738 1494 782 homines

130 817 339 860 sitirent.»
353 815 502 860 Eidem
529 815 717 877 populo,
734 817 995 876 promissum
1019 816 1195 878 quidem
1222 819 1494 878 congiarium

129 896 391 957 reposcenti,
419 899 577 940 «Bonae
616 913 659 940 se
688 895 786 940 fidei
814 913 960 953 esse,»
994 896 1219 959 respondit
1247 914 1255 940 :
1278 913 1366 940 non
1403 914 1498 958 pro-

129 977 307 1020 missum
338 985 484 1020 autem
513 976 724 1037 flagitanti
754 976 1069 1037 turpitudinem
1101 987 1142 1021 et
1180 977 1496 1039 impudentiam

129 1055 270 1100 edicto
281 1057 574 1117 exprobravit,
591 1056 923 1117 affirmavitque,
937 1074 1024 1101 non
1047 1057 1268 1114 daturum,
1285 1075 1329 1102 se
1345 1075 1498 1119 quam-

129 1137 194 1180 vis
228 1136 331 1181 dare
367 1136 617 1181 destinarat.
658 1139 751 1182 Nec
785 1138 954 1181 minore
988 1140 1197 1200 gravitate
1235 1148 1367 1200 atque
1393 1155 1497 1182 con-

131 1217 309 1271 stantia,
333 1233 489 1276 quum,
506 1217 732 1278 proposito
759 1218 1009 1278 congiario,
1030 1217 1190 1262 multos
1214 1220 1500 1262 manumissos

133 1297 405 1357 insertosque
427 1296 589 1341 civium
616 1314 798 1341 numero
826 1299 1131 1359 comperisset,
1155 1299 1331 1360 negavit
1356 1315 1502 1358 accep-

133 1385 280 1430 turos,
302 1377 460 1437 quibus
484 1378 746 1437 promissum
771 1393 859 1420 non
895 1387 1025 1427 esset;
1059 1380 1299 1438 ceterisque
1332 1380 1498 1431 minus3

133 1472 263 1517 quam
285 1457 563 1517 promiserat,
591 1455 732 1512 dedit,
758 1466 807 1501 ut
837 1456 1050 1501 destinata
1079 1473 1247 1501 summa
1271 1457 1500 1501 sufficeret.

133 1538 297 1598 Magna
328 1553 431 1580 vero
465 1536 686 1597 quondam
717 1536 959 1593 sterilitate,
993 1553 1043 1581 ac
1071 1537 1238 1581 difficili
1282 1537 1502 1591 remedio,

134 1634 271 1678 quum
298 1616 522 1661 venalitias
556 1628 599 1661 et
641 1617 897 1662 lanistarum
933 1617 1138 1673 familias,
1165 1619 1505 1680 peregrinosque

136 1713 308 1753 omnes,
343 1698 533 1758 exceptis
570 1697 746 1741 medicis
770 1708 812 1741 et
851 1698 1215 1759 praeceptoribus,
1250 1708 1506 1759 partemque

137 1777 432 1832 servitiorum,
452 1777 574 1821 Urbe
598 1776 851 1838 expulisset3
875 1788 924 1821 ut
944 1777 1119 1821 tandem
1144 1794 1318 1822 annona
1343 1795 1504 1822 conva-

137 1855 243 1911 luit,
261 1857 506 1918 «impetum
535 1873 578 1900 se
604 1858 794 1918 cepisse»
823 1858 994 1914 scribit,
1010 1858 1404 1902 «frumentationes
1427 1874 1506 1919 pu-

138 1934 270 1980 blicas
300 1937 342 1979 in
373 1946 634 1997 perpetuum
660 1935 885 1990 abolendi,
914 1937 1030 1997 quod
1056 1954 1206 1981 earum
1234 1937 1392 1981 fiducia
1417 1937 1506 1981 cul-

140 2026 239 2060 tura
259 2032 466 2078 agrorum
490 2026 676 2061 cessaret
697 2033 706 2060 :
736 2033 875 2077 neque
896 2027 1041 2061 tamen
1066 2034 1379 2077 perseverasse,
1409 2018 1511 2077 quia

141 2106 309 2141 certum
336 2097 535 2153 haberet,
562 2113 688 2158 posse
711 2114 790 2159 per
815 2098 1095 2141 ambitionem
1132 2096 1395 2158 quandoque
1426 2114 1512 2141 res-

142 2177 253 2220 titui.
270 2196 291 2216 n
312 2178 455 2237 Atque
477 2177 537 2220 ita
565 2178 746 2238 posthac
771 2194 863 2221 rem
888 2179 1165 2238 temperavit,
1190 2186 1239 2220 ut
1268 2194 1356 2220 non
1380 2178 1512 2221 mino-

144 2272 235 2299 rem
259 2265 481 2300 aratorum
508 2273 557 2300 ac
583 2258 924 2318 negotiantium,
942 2274 1073 2318 quam
1098 2255 1271 2319 populi,
1298 2259 1512 2301 rationem

143 2335 333 2381 duceret.

207 2418 369 2460 XLIII.
401 2415 760 2477 Spectaculorum
787 2426 828 2461 ct
853 2417 1127 2470 assiduitate,
1150 2428 1193 2461 et
1219 2419 1428 2461 varietate
1454 2427 1516 2460 at-

144 2514 229 2559 que
257 2497 599 2560 magnificentia,
626 2515 776 2542 omncs
810 2500 1052 2542 antecessit.
1089 2500 1255 2542 Fccisse
1292 2497 1416 2541 ludos
1451 2514 1516 2551 se,

145 2579 319 2634 ait,suo
344 2579 519 2631 nominc
543 2588 696 2639 quater
717 2596 725 2622 :
746 2596 826 2640 pro
852 2578 944 2622 aliis
970 2579 1318 2639 magistratibus,
1345 2579 1418 2638 qui
1442 2587 1516 2621 aut

148 2658 363 2714 abessent,
377 2669 450 2703 aut
483 2676 568 2701 non
594 2658 839 2703 sufficerent
855 2695 865 2713 ,
883 2670 947 2703 ter
967 2670 1006 2703 ct
1024 2661 1164 2703 vicies.
1183 2659 1387 2718 Fecitquc
1406 2675 1518 2701 non-
