1988 3439
752 257 990 292 TIBERIUS.
1489 272 1501 295 1
1513 258 1556 303 37

186 336 240 381 de
274 339 515 383 tribuendis
550 338 808 399 quibusdam
837 339 1096 384 militaribus
1127 339 1253 384 donis
1277 342 1331 385 ad
1359 359 1402 387 se
1430 344 1553 388 refer-

186 428 284 461 rent
303 435 311 462 :
340 419 461 478 quasi
480 435 567 461 non
586 418 782 462 omnium
801 419 1137 463 tribuendorum
1156 421 1316 481 ipsijus
1332 422 1557 467 haberent.

185 499 420 542 Praetorem
446 497 734 554 collaudavit,
761 498 901 559 quod,
928 499 1098 543 honore
1124 500 1253 557 inito,
1281 503 1562 547 consuetudi⁶

185 593 285 620 nem
306 579 528 638 antiquam
546 577 782 635 retulisset,
811 578 864 622 de
885 580 1122 640 majoribus
1143 581 1229 624 suis
1249 598 1330 642 pro
1350 584 1562 626 concione

184 658 469 702 memorandi.
500 659 807 715 Quorumdam
836 659 1067 704 illustrium
1094 663 1318 722 exsequias
1347 679 1483 723 usque
1509 664 1560 706 ad

184 754 340 799 rogum
378 737 684 798 frequentavit.
731 741 887 784 Parem
927 740 1274 785 moderationem
1321 743 1563 785 minoribus

185 832 358 877 quoque
383 827 425 860 et
451 819 647 878 personis
674 828 716 862 et
737 819 866 863 rebus
885 820 1094 865 exhibuit.
1115 823 1267 879 Quum
1286 821 1561 866 Rhodiorum

183 898 480 958 magistratus,
505 899 622 959 quod
652 898 797 943 literas
825 900 1022 961 publicas
1048 902 1140 945 sine
1165 902 1483 963 subscriptione
1510 902 1563 947 ad

182 994 228 1021 se
256 977 488 1034 dederant,
516 990 762 1035 evocasset,
792 997 846 1024 ne
867 980 1002 1024 verbo
1031 981 1208 1042 quidem
1233 983 1487 1039 insectatus,
1515 1000 1564 1026 ae

183 1059 488 1104 tantummodo
504 1061 646 1121 jussos
670 1061 963 1119 subscribere,
988 1062 1167 1105 remisit.
1186 1064 1406 1124 Diogenes
1429 1080 1566 1124 grain-

183 1140 390 1196 maticus,
431 1140 655 1201 disputare
691 1141 881 1185 sabbatis
914 1142 1062 1185 Rhodi
1103 1141 1279 1200 solitus,
1315 1144 1564 1186 venientem

184 1236 306 1276 eum,
342 1230 391 1264 ut
427 1237 472 1264 se
507 1231 628 1265 extra
660 1221 858 1265 ordinem
896 1222 1090 1279 audiret,
1118 1240 1206 1266 non
1233 1223 1488 1280 admiserat,
1516 1241 1566 1268 ac

183 1315 263 1360 per
292 1300 511 1344 servulum
544 1318 668 1345 suum
696 1302 739 1345 in
769 1303 1000 1362 septimum
1029 1302 1143 1346 diem
1172 1302 1411 1347 distulerat.
1436 1306 1565 1347 Hune

184 1384 357 1439 Romae,
383 1382 599 1427 salutandi
624 1385 688 1427 sui
713 1401 843 1427 causa
869 1401 950 1444 pro
976 1384 1139 1427 foribus
1165 1385 1432 1441 adstantem,
1457 1385 1563 1428 nihil

183 1462 389 1524 amplius,
415 1480 544 1523 quam
570 1473 617 1507 ut
640 1473 738 1524 post
762 1465 994 1524 septimum
1019 1481 1183 1508 annum
1210 1465 1393 1521 rediret,
1417 1465 1567 1509 admo-

183 1544 291 1586 nuit.
321 1543 605 1600 Praesidibus,
633 1543 878 1588 onerandas
911 1545 1075 1588 tributo
1104 1546 1352 1606 provincias
1384 1545 1568 1589 suaden-

182 1623 324 1680 tibus,
357 1625 609 1685 rescripsit:
637 1625 783 1669 «Boni
817 1626 1004 1686 pastoris
1035 1642 1154 1682 esse,
1187 1625 1371 1669 tondere
1404 1642 1566 1686 pecus,

183 1720 272 1748 non
301 1703 550 1766 deglubere.
571 1725 591 1746 ³>

246 1786 456 1828 XXXIII.
485 1785 701 1830 Paulatim
728 1788 972 1848 principem
1004 1788 1220 1844 exseruit,
1246 1787 1533 1848 praestititque
1556 1804 1565 1829 :

185 1865 262 1908 etsi
291 1865 461 1909 varium
487 1865 588 1922 diu,
616 1866 958 1910 commodiorem
981 1877 1126 1911 tamen
1148 1868 1325 1927 saepius,
1349 1876 1390 1910 et
1414 1866 1468 1910 ad
1490 1867 1570 1909 uti-

184 1943 326 1988 litates
350 1944 546 2005 publicas
570 1947 835 2007 proniorem.
860 1950 921 1991 Ac
942 1948 1084 2007 primo
1106 1957 1285 1991 eatenus
1307 1947 1568 1990 intervenie-

184 2025 285 2082 bat,
325 2042 380 2070 ne
417 2026 522 2086 quid
555 2043 788 2087 perperam
819 2027 953 2071 fieret.
988 2031 1141 2087 Itaque
1169 2037 1213 2070 et
1237 2027 1568 2071 constitutiones

185 2105 396 2166 quasdam
420 2117 594 2151 senatus
619 2107 819 2164 rescidit,
844 2118 886 2151 et
909 2108 1234 2169 magistratibus
1258 2124 1339 2167 pro
1360 2105 1567 2150 tribunali

186 2187 549 2247 cognoscentibus
569 2186 828 2248 plerumque
846 2204 890 2231 se
904 2188 1120 2232 offerebat
1137 2187 1456 2243 consiliarium,
1473 2187 1571 2230 assi-

186 2265 404 2326 debatque
426 2267 604 2326 juxtim,
631 2267 696 2310 vel
724 2284 775 2310 ex
799 2267 982 2311 adverso
1009 2269 1052 2311 in
1081 2278 1206 2328 parte
1230 2268 1412 2329 primori
1436 2284 1444 2310 :
1471 2277 1514 2310 et
1534 2267 1569 2310 si

187 2363 317 2407 quem
345 2363 519 2391 reorum
544 2346 654 2390 elabi
679 2348 843 2408 gratia,
868 2364 1019 2391 rumor
1043 2358 1175 2404 esset,
1199 2348 1367 2392 subitus
1397 2346 1569 2402 aderat,

182 2426 439 2487 judicesque
457 2437 529 2470 aut
550 2443 572 2470 e
596 2426 750 2487 plano,
772 2437 846 2470 aut
871 2444 892 2469 c
913 2428 1154 2486 quaesitoris
1174 2427 1402 2483 tribunali,
1425 2426 1570 2487 legum

188 2516 232 2550 et
260 2506 506 2568 religionis,
542 2516 583 2550 vt
617 2524 759 2562 noxae,
798 2507 852 2550 de
885 2523 969 2566 qua
998 2517 1338 2567 cognoscerent,
1365 2506 1572 2549 admone—

189 2587 264 2631 bat
285 2605 293 2631 :
319 2597 450 2648 atque
475 2589 603 2631 etiam
621 2623 632 2642 ,
653 2589 685 2630 si
705 2604 791 2647 qua
818 2588 860 2631 in
886 2587 1070 2647 publicis
1097 2587 1289 2629 moribus
1312 2586 1476 2629 desidia
1496 2596 1566 2629 aut

191 2666 303 2711 mala
326 2668 643 2712 consuetudine
671 2667 890 2722 labarent,
921 2667 1177 2727 corrigenda
1203 2668 1401 2726 sust-epit.
