<?xml version="1.0" encoding="UTF-8"?>
<!DOCTYPE html PUBLIC "-//W3C//DTD XHTML 1.0 Transitional//EN"
    "http://www.w3.org/TR/xhtml1/DTD/xhtml1-transitional.dtd">
<html xmlns="http://www.w3.org/1999/xhtml" xml:lang="en" lang="en">
 <head>
  <title>
</title>
<meta http-equiv="Content-Type" content="text/html;charset=utf-8" />
  <meta name='ocr-system' content='tesseract 3.04.00' />
  <meta name='ocr-capabilities' content='ocr_page ocr_carea ocr_par ocr_line ocrx_word'/>
</head>
<body>
  <div class='ocr_page' id='page_1' title='image "./operagro00suetuoft_0525.png"; bbox 0 0 1988 3407; ppageno 0'>
   <div class='ocr_carea' id='block_1_1' title="bbox 603 218 1622 259">
    <p class='ocr_par' dir='ltr' id='par_1_1' title="bbox 603 218 1622 259">
     <span class='ocr_line' id='line_1_1' title="bbox 603 218 1622 259; baseline -0.005 0"><span class='ocrx_word' id='word_1_1' title='bbox 603 224 655 259; x_wconf 91' lang='lat' dir='ltr'>IN</span> <span class='ocrx_word' id='word_1_2' title='bbox 688 222 939 259; x_wconf 82' lang='lat' dir='ltr'><strong>TIBERIUM</strong></span> <span class='ocrx_word' id='word_1_3' title='bbox 971 221 1231 257; x_wconf 84' lang='lat' dir='ltr'>NERONEM.</span> <span class='ocrx_word' id='word_1_4' title='bbox 1547 218 1622 255; x_wconf 76' lang='lat'>215</span> 
     </span>
    </p>
   </div>
   <div class='ocr_carea' id='block_1_2' title="bbox 215 299 1622 416">
    <p class='ocr_par' dir='ltr' id='par_1_2' title="bbox 215 299 1622 416">
     <span class='ocr_line' id='line_1_2' title="bbox 269 299 1622 349; baseline -0.001 -10"><span class='ocrx_word' id='word_1_5' title='bbox 269 304 357 340; x_wconf 54' lang='lat' dir='ltr'>Cir.</span> <span class='ocrx_word' id='word_1_6' title='bbox 379 303 447 339; x_wconf 83' lang='lat' dir='ltr'>xl.</span> <span class='ocrx_word' id='word_1_7' title='bbox 484 303 644 338; x_wconf 83' lang='lat' dir='ltr'>Tantum</span> <span class='ocrx_word' id='word_1_8' title='bbox 667 314 752 336; x_wconf 84' lang='lat' dir='ltr'>non.</span> <span class='ocrx_word' id='word_1_9' title='bbox 774 300 822 336; x_wconf 89' lang='lat' dir='ltr'>H.</span> <span class='ocrx_word' id='word_1_10' title='bbox 845 312 877 336; x_wconf 86' lang='lat' dir='ltr'>e.</span> <span class='ocrx_word' id='word_1_11' title='bbox 898 306 942 335; x_wconf 91' lang='lat' dir='ltr'>ut</span> <span class='ocrx_word' id='word_1_12' title='bbox 961 299 1067 347; x_wconf 86' lang='lat' dir='ltr'>apud</span> <span class='ocrx_word' id='word_1_13' title='bbox 1088 300 1241 334; x_wconf 79' lang='lat' dir='ltr'>Graecos</span> <span class='ocrx_word' id='word_1_14' title='bbox 1268 304 1360 348; x_wconf 73' lang='grc' dir='ltr'>μόνον</span> <span class='ocrx_word' id='word_1_15' title='bbox 1386 305 1506 344; x_wconf 71' lang='grc' dir='ltr'><strong>οὺ,-εῐ</strong></span> <span class='ocrx_word' id='word_1_16' title='bbox 1529 306 1622 349; x_wconf 62' lang='grc' dir='ltr'><strong>μόναν</strong></span> 
     </span>
     <span class='ocr_line' id='line_1_3' title="bbox 215 359 1513 416; baseline -0.006 -13"><span class='ocrx_word' id='word_1_17' title='bbox 215 372 301 416; x_wconf 69' lang='grc' dir='ltr'><strong>οὐχί,</strong></span> <span class='ocrx_word' id='word_1_18' title='bbox 320 364 368 402; x_wconf 89' lang='lat' dir='ltr'>de</span> <span class='ocrx_word' id='word_1_19' title='bbox 389 377 466 413; x_wconf 88' lang='lat' dir='ltr'>qua</span> <span class='ocrx_word' id='word_1_20' title='bbox 491 363 688 400; x_wconf 89' lang='lat' dir='ltr'>locutione</span> <span class='ocrx_word' id='word_1_21' title='bbox 708 363 755 400; x_wconf 87' lang='lat' dir='ltr'>cf.</span> <span class='ocrx_word' id='word_1_22' title='bbox 778 361 933 399; x_wconf 89' lang='lat' dir='ltr'>doctiss.</span> <span class='ocrx_word' id='word_1_23' title='bbox 955 363 1170 407; x_wconf 66' lang='lat' dir='ltr'>Bunnour,</span> <span class='ocrx_word' id='word_1_24' title='bbox 1194 360 1239 396; x_wconf 90' lang='lat' dir='ltr'>G.</span> <span class='ocrx_word' id='word_1_25' title='bbox 1256 374 1333 409; x_wconf 55' lang='lat' dir='ltr'>gr„</span> <span class='ocrx_word' id='word_1_26' title='bbox 1356 372 1394 409; x_wconf 94' lang='lat' dir='ltr'>p.</span> <span class='ocrx_word' id='word_1_27' title='bbox 1426 359 1513 409; x_wconf 83' lang='lat'>295.</span> 
     </span>
    </p>
   </div>
   <div class='ocr_carea' id='block_1_3' title="bbox 213 430 1626 796">
    <p class='ocr_par' dir='ltr' id='par_1_3' title="bbox 213 430 1625 610">
     <span class='ocr_line' id='line_1_4' title="bbox 267 430 1623 484; baseline -0.003 -11"><span class='ocrx_word' id='word_1_28' title='bbox 267 436 354 473; x_wconf 81' lang='lat' dir='ltr'>Die.</span> <span class='ocrx_word' id='word_1_29' title='bbox 375 436 462 473; x_wconf 89' lang='lat' dir='ltr'>Scil.</span> <span class='ocrx_word' id='word_1_30' title='bbox 484 436 524 472; x_wconf 88' lang='lat' dir='ltr'>in</span> <span class='ocrx_word' id='word_1_31' title='bbox 549 434 767 472; x_wconf 90' lang='lat' dir='ltr'>ordinando</span> <span class='ocrx_word' id='word_1_32' title='bbox 787 433 886 484; x_wconf 89' lang='lat' dir='ltr'>quid</span> <span class='ocrx_word' id='word_1_33' title='bbox 913 431 1071 482; x_wconf 80' lang='lat' dir='ltr'>singulis</span> <span class='ocrx_word' id='word_1_34' title='bbox 1091 430 1169 468; x_wconf 80' lang='lat' dir='ltr'>diei</span> <span class='ocrx_word' id='word_1_35' title='bbox 1186 430 1293 468; x_wconf 89' lang='lat' dir='ltr'>horis</span> <span class='ocrx_word' id='word_1_36' title='bbox 1312 437 1453 480; x_wconf 88' lang='lat' dir='ltr'>ageret.</span> <span class='ocrx_word' id='word_1_37' title='bbox 1475 433 1532 468; x_wconf 90' lang='lat' dir='ltr'>Ita</span> <span class='ocrx_word' id='word_1_38' title='bbox 1552 433 1623 469; x_wconf 86' lang='lat' dir='ltr'>Se—</span> 
     </span>
     <span class='ocr_line' id='line_1_5' title="bbox 213 494 1625 546; baseline -0.004 -11"><span class='ocrx_word' id='word_1_39' title='bbox 213 511 297 536; x_wconf 86' lang='lat' dir='ltr'>nec.</span> <span class='ocrx_word' id='word_1_40' title='bbox 327 499 383 534; x_wconf 87' lang='lat' dir='ltr'>ad</span> <span class='ocrx_word' id='word_1_41' title='bbox 400 499 558 546; x_wconf 61' lang='lat' dir='ltr'>Polyb„</span> <span class='ocrx_word' id='word_1_42' title='bbox 586 511 662 534; x_wconf 83' lang='lat' dir='ltr'>xxv</span> <span class='ocrx_word' id='word_1_43' title='bbox 697 510 706 533; x_wconf 90' lang='lat'>:</span> <span class='ocrx_word' id='word_1_44' title='bbox 745 512 764 530; x_wconf 70' lang='grc' dir='ltr'>ιι</span> <span class='ocrx_word' id='word_1_45' title='bbox 785 498 875 534; x_wconf 87' lang='lat' dir='ltr'>Non</span> <span class='ocrx_word' id='word_1_46' title='bbox 903 495 992 533; x_wconf 77' lang='lat' dir='ltr'>ficet</span> <span class='ocrx_word' id='word_1_47' title='bbox 1020 494 1091 532; x_wconf 86' lang='lat' dir='ltr'>tibi</span> <span class='ocrx_word' id='word_1_48' title='bbox 1116 501 1186 531; x_wconf 90' lang='lat' dir='ltr'>tuo</span> <span class='ocrx_word' id='word_1_49' title='bbox 1222 494 1383 531; x_wconf 81' lang='lat' dir='ltr'>arbitrio</span> <span class='ocrx_word' id='word_1_50' title='bbox 1411 494 1514 530; x_wconf 86' lang='lat' dir='ltr'>diem</span> <span class='ocrx_word' id='word_1_51' title='bbox 1543 495 1625 531; x_wconf 84' lang='lat' dir='ltr'>dis—</span> 
     </span>
     <span class='ocr_line' id='line_1_6' title="bbox 216 573 414 610; baseline 0 -13"><span class='ocrx_word' id='word_1_52' title='bbox 216 573 376 610; x_wconf 88' lang='lat' dir='ltr'>ponere.</span> <span class='ocrx_word' id='word_1_53' title='bbox 399 577 414 593; x_wconf 79' lang='grc' dir='ltr'><strong>υ</strong></span> 
     </span>
    </p>

    <p class='ocr_par' dir='ltr' id='par_1_4' title="bbox 213 619 1626 722">
     <span class='ocr_line' id='line_1_7' title="bbox 267 619 1626 672; baseline -0.004 -13"><span class='ocrx_word' id='word_1_54' title='bbox 267 623 565 672; x_wconf 81' lang='lat' dir='ltr'>Repudiumque.</span> <span class='ocrx_word' id='word_1_55' title='bbox 607 623 730 659; x_wconf 90' lang='lat' dir='ltr'>Intell.</span> <span class='ocrx_word' id='word_1_56' title='bbox 762 620 934 658; x_wconf 84' lang='lat' dir='ltr'>libellum</span> <span class='ocrx_word' id='word_1_57' title='bbox 980 632 1061 670; x_wconf 91' lang='lat' dir='ltr'>quo</span> <span class='ocrx_word' id='word_1_58' title='bbox 1101 620 1251 668; x_wconf 79' lang='lat' dir='ltr'><em>repudii</em></span> <span class='ocrx_word' id='word_1_59' title='bbox 1286 632 1406 657; x_wconf 85' lang='lat' dir='ltr'>causae</span> <span class='ocrx_word' id='word_1_60' title='bbox 1450 619 1626 655; x_wconf 86' lang='lat' dir='ltr'>contine-</span> 
     </span>
     <span class='ocr_line' id='line_1_8' title="bbox 213 686 366 722; baseline 0.007 -1"><span class='ocrx_word' id='word_1_61' title='bbox 213 686 366 722; x_wconf 86' lang='lat' dir='ltr'><strong>bantur.</strong></span> 
     </span>
    </p>

    <p class='ocr_par' dir='ltr' id='par_1_5' title="bbox 273 745 1294 796">
     <span class='ocr_line' id='line_1_9' title="bbox 273 745 1294 796; baseline -0.007 -10"><span class='ocrx_word' id='word_1_62' title='bbox 273 747 407 796; x_wconf 84' lang='lat' dir='ltr'>Officii</span> <span class='ocrx_word' id='word_1_63' title='bbox 428 748 547 783; x_wconf 71' lang='lat' dir='ltr'>duxit.</span> <span class='ocrx_word' id='word_1_64' title='bbox 569 746 616 783; x_wconf 88' lang='lat' dir='ltr'>H.</span> <span class='ocrx_word' id='word_1_65' title='bbox 640 760 670 783; x_wconf 92' lang='lat' dir='ltr'>e.</span> <span class='ocrx_word' id='word_1_66' title='bbox 694 747 846 796; x_wconf 87' lang='lat' dir='ltr'>putavit</span> <span class='ocrx_word' id='word_1_67' title='bbox 871 759 984 783; x_wconf 90' lang='lat' dir='ltr'>suum</span> <span class='ocrx_word' id='word_1_68' title='bbox 1008 759 1086 783; x_wconf 84' lang='lat' dir='ltr'>esse</span> <span class='ocrx_word' id='word_1_69' title='bbox 1109 745 1294 782; x_wconf 83' lang='lat' dir='ltr'>officium.</span> 
     </span>
    </p>
   </div>
   <div class='ocr_carea' id='block_1_4' title="bbox 270 816 1301 868">
    <p class='ocr_par' dir='ltr' id='par_1_6' title="bbox 270 816 1301 868">
     <span class='ocr_line' id='line_1_10' title="bbox 270 816 1301 868; baseline -0.005 -12"><span class='ocrx_word' id='word_1_70' title='bbox 270 819 539 856; x_wconf 78' lang='lat' dir='ltr'>corroboratis.</span> <span class='ocrx_word' id='word_1_71' title='bbox 560 821 728 868; x_wconf 87' lang='lat' dir='ltr'><strong>Nempe,</strong></span> <span class='ocrx_word' id='word_1_72' title='bbox 747 817 963 867; x_wconf 87' lang='lat' dir='ltr'>pubertatis</span> <span class='ocrx_word' id='word_1_73' title='bbox 983 830 1104 854; x_wconf 90' lang='lat' dir='ltr'>annos</span> <span class='ocrx_word' id='word_1_74' title='bbox 1130 816 1301 868; x_wconf 85' lang='lat' dir='ltr'>egressis.</span> 
     </span>
    </p>
   </div>
   <div class='ocr_carea' id='block_1_5' title="bbox 214 887 1631 1190">
    <p class='ocr_par' dir='ltr' id='par_1_7' title="bbox 214 887 1631 1190">
     <span class='ocr_line' id='line_1_11' title="bbox 267 887 1630 939; baseline -0.004 -11"><span class='ocrx_word' id='word_1_75' title='bbox 267 891 355 928; x_wconf 70' lang='lat' dir='ltr'>Cn.</span> <span class='ocrx_word' id='word_1_76' title='bbox 397 891 488 927; x_wconf 80' lang='lat' dir='ltr'>XII.</span> <span class='ocrx_word' id='word_1_77' title='bbox 522 891 698 939; x_wconf 78' lang='lat' dir='ltr'>Legatus.</span> <span class='ocrx_word' id='word_1_78' title='bbox 731 889 968 927; x_wconf 83' lang='lat' dir='ltr'>Jamdudum</span> <span class='ocrx_word' id='word_1_79' title='bbox 999 902 1083 925; x_wconf 88' lang='lat' dir='ltr'>mos</span> <span class='ocrx_word' id='word_1_80' title='bbox 1102 889 1338 934; x_wconf 84' lang='lat' dir='ltr'>invaluerat,</span> <span class='ocrx_word' id='word_1_81' title='bbox 1367 894 1411 924; x_wconf 84' lang='lat' dir='ltr'>ut</span> <span class='ocrx_word' id='word_1_82' title='bbox 1441 887 1630 938; x_wconf 80' lang='lat' dir='ltr'>legatione</span> 
     </span>
     <span class='ocr_line' id='line_1_12' title="bbox 215 950 1630 1002; baseline -0.004 -12"><span class='ocrx_word' id='word_1_83' title='bbox 215 954 451 990; x_wconf 88' lang='lat' dir='ltr'>donarentur</span> <span class='ocrx_word' id='word_1_84' title='bbox 471 953 539 1002; x_wconf 91' lang='lat' dir='ltr'>qui</span> <span class='ocrx_word' id='word_1_85' title='bbox 560 953 674 990; x_wconf 90' lang='lat' dir='ltr'>etiam</span> <span class='ocrx_word' id='word_1_86' title='bbox 692 965 847 990; x_wconf 88' lang='lat' dir='ltr'>suarum</span> <span class='ocrx_word' id='word_1_87' title='bbox 866 965 946 989; x_wconf 91' lang='lat' dir='ltr'>non</span> <span class='ocrx_word' id='word_1_88' title='bbox 966 951 1210 1001; x_wconf 87' lang='lat' dir='ltr'>publicarum</span> <span class='ocrx_word' id='word_1_89' title='bbox 1230 963 1361 987; x_wconf 90' lang='lat' dir='ltr'>rerum</span> <span class='ocrx_word' id='word_1_90' title='bbox 1381 963 1492 987; x_wconf 87' lang='lat' dir='ltr'>causa</span> <span class='ocrx_word' id='word_1_91' title='bbox 1512 950 1630 986; x_wconf 90' lang='lat' dir='ltr'>abiis-</span> 
     </span>
     <span class='ocr_line' id='line_1_13' title="bbox 214 1013 1630 1064; baseline -0.002 -12"><span class='ocrx_word' id='word_1_92' title='bbox 214 1023 307 1053; x_wconf 90' lang='lat' dir='ltr'>sent.</span> <span class='ocrx_word' id='word_1_93' title='bbox 330 1016 387 1052; x_wconf 93' lang='lat' dir='ltr'>Cf.</span> <span class='ocrx_word' id='word_1_94' title='bbox 407 1017 490 1053; x_wconf 89' lang='lat' dir='ltr'>C1c.</span> <span class='ocrx_word' id='word_1_95' title='bbox 511 1017 567 1052; x_wconf 86' lang='lat' dir='ltr'>ad</span> <span class='ocrx_word' id='word_1_96' title='bbox 590 1018 720 1060; x_wconf 63' lang='lat' dir='ltr'>Fam„</span> <span class='ocrx_word' id='word_1_97' title='bbox 736 1029 760 1052; x_wconf 86' lang='lat' dir='ltr'><strong>x</strong></span> <span class='ocrx_word' id='word_1_98' title='bbox 783 1030 792 1052; x_wconf 89' lang='lat'>:</span> <span class='ocrx_word' id='word_1_99' title='bbox 815 1032 830 1049; x_wconf 74' lang='grc' dir='ltr'><strong>α</strong></span> <span class='ocrx_word' id='word_1_100' title='bbox 843 1018 972 1063; x_wconf 91' lang='lat' dir='ltr'>Quum</span> <span class='ocrx_word' id='word_1_101' title='bbox 995 1014 1035 1050; x_wconf 86' lang='lat' dir='ltr'>in</span> <span class='ocrx_word' id='word_1_102' title='bbox 1055 1015 1113 1051; x_wconf 87' lang='lat' dir='ltr'>his</span> <span class='ocrx_word' id='word_1_103' title='bbox 1135 1013 1319 1064; x_wconf 87' lang='lat' dir='ltr'>angustiis</span> <span class='ocrx_word' id='word_1_104' title='bbox 1337 1026 1528 1059; x_wconf 78' lang='lat' dir='ltr'>versarer,</span> <span class='ocrx_word' id='word_1_105' title='bbox 1546 1015 1630 1062; x_wconf 83' lang='lat' dir='ltr'>pla—</span> 
     </span>
     <span class='ocr_line' id='line_1_14' title="bbox 214 1075 1631 1127; baseline -0.002 -14"><span class='ocrx_word' id='word_1_106' title='bbox 214 1077 332 1113; x_wconf 89' lang='lat' dir='ltr'>citum</span> <span class='ocrx_word' id='word_1_107' title='bbox 353 1085 408 1114; x_wconf 88' lang='lat' dir='ltr'>est</span> <span class='ocrx_word' id='word_1_108' title='bbox 429 1077 544 1125; x_wconf 84' lang='lat' dir='ltr'>mihi,</span> <span class='ocrx_word' id='word_1_109' title='bbox 564 1085 608 1114; x_wconf 90' lang='lat' dir='ltr'>ut</span> <span class='ocrx_word' id='word_1_110' title='bbox 637 1080 873 1127; x_wconf 82' lang='lat' dir='ltr'>postularem</span> <span class='ocrx_word' id='word_1_111' title='bbox 901 1077 1132 1127; x_wconf 82' lang='lat' dir='ltr'>legationem</span> <span class='ocrx_word' id='word_1_112' title='bbox 1155 1077 1315 1113; x_wconf 85' lang='lat' dir='ltr'>liberam</span> <span class='ocrx_word' id='word_1_113' title='bbox 1339 1075 1431 1111; x_wconf 90' lang='lat' dir='ltr'>mihi</span> <span class='ocrx_word' id='word_1_114' title='bbox 1451 1075 1631 1124; x_wconf 85' lang='lat' dir='ltr'>reliquis-</span> 
     </span>
     <span class='ocr_line' id='line_1_15' title="bbox 215 1140 1628 1190; baseline -0.003 -14"><span class='ocrx_word' id='word_1_115' title='bbox 215 1153 292 1189; x_wconf 89' lang='lat' dir='ltr'>que</span> <span class='ocrx_word' id='word_1_116' title='bbox 313 1140 477 1187; x_wconf 89' lang='lat' dir='ltr'>nostris‚</span> <span class='ocrx_word' id='word_1_117' title='bbox 501 1147 544 1176; x_wconf 91' lang='lat' dir='ltr'>ut</span> <span class='ocrx_word' id='word_1_118' title='bbox 563 1141 691 1190; x_wconf 90' lang='lat' dir='ltr'>aliqua</span> <span class='ocrx_word' id='word_1_119' title='bbox 719 1154 830 1178; x_wconf 88' lang='lat' dir='ltr'>causa</span> <span class='ocrx_word' id='word_1_120' title='bbox 859 1140 1133 1189; x_wconf 85' lang='lat' dir='ltr'>proficiscendi</span> <span class='ocrx_word' id='word_1_121' title='bbox 1155 1140 1315 1175; x_wconf 89' lang='lat' dir='ltr'>honesta</span> <span class='ocrx_word' id='word_1_122' title='bbox 1336 1145 1583 1187; x_wconf 68' lang='lat' dir='ltr'>quaereretur.</span> <span class='ocrx_word' id='word_1_123' title='bbox 1610 1155 1628 1172; x_wconf 79' lang='lat' dir='ltr'>n</span> 
     </span>
    </p>
   </div>
   <div class='ocr_carea' id='block_1_6' title="bbox 197 1211 1633 1575">
    <p class='ocr_par' dir='ltr' id='par_1_8' title="bbox 197 1211 1633 1575">
     <span class='ocr_line' id='line_1_16' title="bbox 270 1211 1627 1262; baseline -0.001 -15"><span class='ocrx_word' id='word_1_124' title='bbox 270 1212 455 1248; x_wconf 80' lang='lat' dir='ltr'>Rhodum.</span> <span class='ocrx_word' id='word_1_125' title='bbox 477 1213 600 1259; x_wconf 89' lang='lat' dir='ltr'>Vell.,</span> <span class='ocrx_word' id='word_1_126' title='bbox 623 1226 654 1248; x_wconf 91' lang='lat'>11</span> <span class='ocrx_word' id='word_1_127' title='bbox 668 1241 679 1259; x_wconf 95' lang='lat'>,</span> <span class='ocrx_word' id='word_1_128' title='bbox 699 1226 749 1262; x_wconf 87' lang='lat'>99</span> <span class='ocrx_word' id='word_1_129' title='bbox 775 1227 784 1248; x_wconf 73' lang='grc' dir='ltr'><strong><em>τ</em></strong></span> <span class='ocrx_word' id='word_1_130' title='bbox 805 1213 937 1250; x_wconf 81' lang='lat' dir='ltr'>«Illud</span> <span class='ocrx_word' id='word_1_131' title='bbox 958 1212 1072 1249; x_wconf 89' lang='lat' dir='ltr'>etiam</span> <span class='ocrx_word' id='word_1_132' title='bbox 1095 1213 1134 1248; x_wconf 90' lang='lat' dir='ltr'>in</span> <span class='ocrx_word' id='word_1_133' title='bbox 1154 1212 1228 1247; x_wconf 92' lang='lat' dir='ltr'>hoc</span> <span class='ocrx_word' id='word_1_134' title='bbox 1248 1218 1470 1247; x_wconf 85' lang='lat' dir='ltr'>transcursu</span> <span class='ocrx_word' id='word_1_135' title='bbox 1491 1211 1627 1246; x_wconf 84' lang='lat' dir='ltr'>dicen-</span> 
     </span>
     <span class='ocr_line' id='line_1_17' title="bbox 219 1273 1633 1323; baseline -0.001 -13"><span class='ocrx_word' id='word_1_136' title='bbox 219 1274 310 1310; x_wconf 90' lang='lat' dir='ltr'>dum</span> <span class='ocrx_word' id='word_1_137' title='bbox 344 1282 420 1322; x_wconf 89' lang='lat' dir='ltr'>est,</span> <span class='ocrx_word' id='word_1_138' title='bbox 450 1274 503 1311; x_wconf 89' lang='lat' dir='ltr'>ita</span> <span class='ocrx_word' id='word_1_139' title='bbox 530 1281 672 1323; x_wconf 88' lang='lat' dir='ltr'>septem</span> <span class='ocrx_word' id='word_1_140' title='bbox 695 1288 815 1312; x_wconf 88' lang='lat' dir='ltr'>annos</span> <span class='ocrx_word' id='word_1_141' title='bbox 845 1275 974 1312; x_wconf 81' lang='lat' dir='ltr'>Rhodi</span> <span class='ocrx_word' id='word_1_142' title='bbox 1000 1282 1212 1319; x_wconf 85' lang='lat' dir='ltr'>moratum,</span> <span class='ocrx_word' id='word_1_143' title='bbox 1235 1281 1277 1309; x_wconf 91' lang='lat' dir='ltr'>ut</span> <span class='ocrx_word' id='word_1_144' title='bbox 1309 1286 1439 1309; x_wconf 86' lang='lat' dir='ltr'>omnes</span> <span class='ocrx_word' id='word_1_145' title='bbox 1462 1273 1528 1321; x_wconf 92' lang='lat' dir='ltr'>qui</span> <span class='ocrx_word' id='word_1_146' title='bbox 1560 1287 1633 1321; x_wconf 84' lang='lat' dir='ltr'>pro</span> 
     </span>
     <span class='ocr_line' id='line_1_18' title="bbox 197 1336 1632 1387; baseline -0.002 -14"><span class='ocrx_word' id='word_1_147' title='bbox 197 1344 199 1346; x_wconf 81' lang='grc'><strong>’</strong></span> <span class='ocrx_word' id='word_1_148' title='bbox 217 1339 437 1374; x_wconf 89' lang='lat' dir='ltr'>consulibus</span> <span class='ocrx_word' id='word_1_149' title='bbox 456 1338 648 1387; x_wconf 85' lang='lat' dir='ltr'>legatique</span> <span class='ocrx_word' id='word_1_150' title='bbox 669 1340 707 1374; x_wconf 91' lang='lat' dir='ltr'>in</span> <span class='ocrx_word' id='word_1_151' title='bbox 729 1338 998 1374; x_wconf 86' lang='lat' dir='ltr'>transmarinas</span> <span class='ocrx_word' id='word_1_152' title='bbox 1031 1337 1196 1386; x_wconf 87' lang='lat' dir='ltr'>profecti</span> <span class='ocrx_word' id='word_1_153' title='bbox 1228 1336 1464 1385; x_wconf 76' lang='lat' dir='ltr'>provincias,</span> <span class='ocrx_word' id='word_1_154' title='bbox 1484 1336 1632 1372; x_wconf 63' lang='lat' dir='ltr'>visendi</span> 
     </span>
     <span class='ocr_line' id='line_1_19' title="bbox 217 1398 1633 1449; baseline -0.001 -13"><span class='ocrx_word' id='word_1_155' title='bbox 217 1399 298 1446; x_wconf 86' lang='lat' dir='ltr'>ejus</span> <span class='ocrx_word' id='word_1_156' title='bbox 335 1399 455 1449; x_wconf 86' lang='lat' dir='ltr'>gratia</span> <span class='ocrx_word' id='word_1_157' title='bbox 483 1400 533 1436; x_wconf 92' lang='lat' dir='ltr'>ad</span> <span class='ocrx_word' id='word_1_158' title='bbox 558 1413 644 1436; x_wconf 86' lang='lat' dir='ltr'>eum</span> <span class='ocrx_word' id='word_1_159' title='bbox 674 1401 866 1437; x_wconf 88' lang='lat' dir='ltr'>venissent</span> <span class='ocrx_word' id='word_1_160' title='bbox 885 1430 894 1447; x_wconf 88' lang='lat'><strong><em>‚</em></strong></span> <span class='ocrx_word' id='word_1_161' title='bbox 926 1413 1075 1449; x_wconf 88' lang='lat' dir='ltr'>semper</span> <span class='ocrx_word' id='word_1_162' title='bbox 1105 1400 1259 1448; x_wconf 82' lang='lat' dir='ltr'>privato</span> <span class='ocrx_word' id='word_1_163' title='bbox 1284 1399 1337 1448; x_wconf 91' lang='lat' dir='ltr'>(si</span> <span class='ocrx_word' id='word_1_164' title='bbox 1367 1398 1430 1434; x_wconf 85' lang='lat' dir='ltr'>illa</span> <span class='ocrx_word' id='word_1_165' title='bbox 1461 1399 1633 1445; x_wconf 77' lang='lat' dir='ltr'>majestas</span> 
     </span>
     <span class='ocr_line' id='line_1_20' title="bbox 217 1460 1632 1514; baseline -0.002 -16"><span class='ocrx_word' id='word_1_166' title='bbox 217 1461 369 1510; x_wconf 86' lang='lat' dir='ltr'>privata</span> <span class='ocrx_word' id='word_1_167' title='bbox 389 1475 561 1512; x_wconf 90' lang='lat' dir='ltr'>unquam</span> <span class='ocrx_word' id='word_1_168' title='bbox 581 1462 668 1514; x_wconf 84' lang='lat' dir='ltr'>fuit)</span> <span class='ocrx_word' id='word_1_169' title='bbox 688 1463 806 1500; x_wconf 85' lang='lat' dir='ltr'>fasces</span> <span class='ocrx_word' id='word_1_170' title='bbox 826 1476 915 1500; x_wconf 87' lang='lat' dir='ltr'>suos</span> <span class='ocrx_word' id='word_1_171' title='bbox 935 1462 1209 1508; x_wconf 81' lang='lat' dir='ltr'>summiserint,</span> <span class='ocrx_word' id='word_1_172' title='bbox 1235 1461 1401 1511; x_wconf 76' lang='lat' dir='ltr'>fassique</span> <span class='ocrx_word' id='word_1_173' title='bbox 1421 1460 1494 1496; x_wconf 87' lang='lat' dir='ltr'>sint</span> <span class='ocrx_word' id='word_1_174' title='bbox 1513 1462 1632 1496; x_wconf 82' lang='lat' dir='ltr'>otium</span> 
     </span>
     <span class='ocr_line' id='line_1_21' title="bbox 218 1524 879 1575; baseline 0.003 -14"><span class='ocrx_word' id='word_1_175' title='bbox 218 1524 301 1571; x_wconf 81' lang='lat' dir='ltr'>ejus</span> <span class='ocrx_word' id='word_1_176' title='bbox 325 1525 554 1562; x_wconf 87' lang='lat' dir='ltr'>honoratius</span> <span class='ocrx_word' id='word_1_177' title='bbox 575 1525 736 1575; x_wconf 89' lang='lat' dir='ltr'>imperio</span> <span class='ocrx_word' id='word_1_178' title='bbox 758 1539 840 1563; x_wconf 88' lang='lat' dir='ltr'>suo.</span> <span class='ocrx_word' id='word_1_179' title='bbox 866 1544 879 1557; x_wconf 71' lang='grc' dir='ltr'>ιι</span> 
     </span>
    </p>
   </div>
   <div class='ocr_carea' id='block_1_7' title="bbox 216 1595 1635 1821">
    <p class='ocr_par' dir='ltr' id='par_1_9' title="bbox 216 1595 1635 1821">
     <span class='ocr_line' id='line_1_22' title="bbox 272 1595 1634 1647; baseline -0.002 -13"><span class='ocrx_word' id='word_1_180' title='bbox 272 1598 330 1634; x_wconf 89' lang='lat' dir='ltr'>M.</span> <span class='ocrx_word' id='word_1_181' title='bbox 350 1598 478 1636; x_wconf 80' lang='lat' dir='ltr'>Lollii.</span> <span class='ocrx_word' id='word_1_182' title='bbox 502 1599 560 1634; x_wconf 93' lang='lat' dir='ltr'>De</span> <span class='ocrx_word' id='word_1_183' title='bbox 587 1610 667 1647; x_wconf 93' lang='lat' dir='ltr'>quo</span> <span class='ocrx_word' id='word_1_184' title='bbox 694 1597 812 1644; x_wconf 89' lang='lat' dir='ltr'>Plin.‚</span> <span class='ocrx_word' id='word_1_185' title='bbox 843 1599 886 1633; x_wconf 86' lang='lat' dir='ltr'>H.</span> <span class='ocrx_word' id='word_1_186' title='bbox 911 1598 980 1643; x_wconf 56' lang='lat' dir='ltr'>N„</span> <span class='ocrx_word' id='word_1_187' title='bbox 1000 1609 1062 1637; x_wconf 74' lang='lat' dir='ltr'>xx,</span> <span class='ocrx_word' id='word_1_188' title='bbox 1083 1596 1133 1632; x_wconf 66' lang='lat'>35</span> <span class='ocrx_word' id='word_1_189' title='bbox 1159 1611 1167 1632; x_wconf 75' lang='grc' dir='ltr'>ε</span> <span class='ocrx_word' id='word_1_190' title='bbox 1197 1615 1211 1629; x_wconf 73' lang='grc' dir='ltr'>α</span> <span class='ocrx_word' id='word_1_191' title='bbox 1230 1595 1303 1632; x_wconf 89' lang='lat' dir='ltr'>Hic</span> <span class='ocrx_word' id='word_1_192' title='bbox 1326 1602 1381 1631; x_wconf 90' lang='lat' dir='ltr'>est</span> <span class='ocrx_word' id='word_1_193' title='bbox 1412 1595 1634 1643; x_wconf 83' lang='lat' dir='ltr'>rapinarum</span> 
     </span>
     <span class='ocr_line' id='line_1_23' title="bbox 217 1658 1635 1709; baseline -0.001 -14"><span class='ocrx_word' id='word_1_194' title='bbox 217 1659 364 1707; x_wconf 84' lang='lat' dir='ltr'>exitus;</span> <span class='ocrx_word' id='word_1_195' title='bbox 392 1661 467 1698; x_wconf 93' lang='lat' dir='ltr'>hoc</span> <span class='ocrx_word' id='word_1_196' title='bbox 498 1661 591 1706; x_wconf 92' lang='lat' dir='ltr'>fuit,</span> <span class='ocrx_word' id='word_1_197' title='bbox 619 1673 740 1709; x_wconf 88' lang='lat' dir='ltr'>quare</span> <span class='ocrx_word' id='word_1_198' title='bbox 766 1662 818 1696; x_wconf 84' lang='lat' dir='ltr'>M.</span> <span class='ocrx_word' id='word_1_199' title='bbox 848 1660 995 1696; x_wconf 88' lang='lat' dir='ltr'>Lollius</span> <span class='ocrx_word' id='word_1_200' title='bbox 1020 1660 1225 1695; x_wconf 82' lang='lat' dir='ltr'>infamatus</span> <span class='ocrx_word' id='word_1_201' title='bbox 1247 1670 1381 1707; x_wconf 85' lang='lat' dir='ltr'>regum</span> <span class='ocrx_word' id='word_1_202' title='bbox 1412 1658 1635 1694; x_wconf 81' lang='lat' dir='ltr'>muneribus</span> 
     </span>
     <span class='ocr_line' id='line_1_24' title="bbox 216 1720 1634 1769; baseline -0.001 -12"><span class='ocrx_word' id='word_1_203' title='bbox 216 1721 255 1758; x_wconf 88' lang='lat' dir='ltr'>in</span> <span class='ocrx_word' id='word_1_204' title='bbox 275 1729 359 1760; x_wconf 91' lang='lat' dir='ltr'>toto</span> <span class='ocrx_word' id='word_1_205' title='bbox 384 1723 565 1769; x_wconf 83' lang='lat' dir='ltr'>Oriente,</span> <span class='ocrx_word' id='word_1_206' title='bbox 595 1723 799 1759; x_wconf 79' lang='lat' dir='ltr'>interdicta</span> <span class='ocrx_word' id='word_1_207' title='bbox 820 1722 985 1758; x_wconf 80' lang='lat' dir='ltr'>amicitia</span> <span class='ocrx_word' id='word_1_208' title='bbox 1009 1735 1029 1758; x_wconf 89' lang='lat' dir='ltr'>a</span> <span class='ocrx_word' id='word_1_209' title='bbox 1058 1722 1150 1759; x_wconf 88' lang='lat' dir='ltr'>Caio</span> <span class='ocrx_word' id='word_1_210' title='bbox 1178 1723 1323 1759; x_wconf 88' lang='lat' dir='ltr'>Caesare</span> <span class='ocrx_word' id='word_1_211' title='bbox 1342 1721 1508 1769; x_wconf 79' lang='lat' dir='ltr'>Augusti</span> <span class='ocrx_word' id='word_1_212' title='bbox 1531 1720 1610 1756; x_wconf 77' lang='lat' dir='ltr'>filio</span> <span class='ocrx_word' id='word_1_213' title='bbox 1626 1750 1634 1765; x_wconf 86' lang='lat'><strong><em>‚</em></strong></span> 
     </span>
     <span class='ocr_line' id='line_1_25' title="bbox 218 1784 631 1821; baseline 0 -2"><span class='ocrx_word' id='word_1_214' title='bbox 218 1796 410 1820; x_wconf 75' lang='lat' dir='ltr'>venenum</span> <span class='ocrx_word' id='word_1_215' title='bbox 430 1784 592 1821; x_wconf 84' lang='lat' dir='ltr'>biberet.</span> <span class='ocrx_word' id='word_1_216' title='bbox 616 1801 631 1818; x_wconf 70' lang='grc' dir='ltr'>ιι</span> 
     </span>
    </p>
   </div>
   <div class='ocr_carea' id='block_1_8' title="bbox 219 1854 1635 1954">
    <p class='ocr_par' dir='ltr' id='par_1_10' title="bbox 219 1854 1635 1954">
     <span class='ocr_line' id='line_1_26' title="bbox 277 1854 1635 1905; baseline -0.001 -14"><span class='ocrx_word' id='word_1_217' title='bbox 277 1856 459 1904; x_wconf 79' lang='lat' dir='ltr'>Beneficii</span> <span class='ocrx_word' id='word_1_218' title='bbox 481 1857 549 1891; x_wconf 78' lang='lat' dir='ltr'>sui.</span> <span class='ocrx_word' id='word_1_219' title='bbox 575 1858 682 1903; x_wconf 89' lang='lat' dir='ltr'>Quos</span> <span class='ocrx_word' id='word_1_220' title='bbox 711 1854 791 1905; x_wconf 87' lang='lat' dir='ltr'>ipse</span> <span class='ocrx_word' id='word_1_221' title='bbox 820 1868 886 1892; x_wconf 82' lang='lat' dir='ltr'>suo</span> <span class='ocrx_word' id='word_1_222' title='bbox 906 1855 1085 1904; x_wconf 74' lang='lat' dir='ltr'>beneficio</span> <span class='ocrx_word' id='word_1_223' title='bbox 1111 1855 1158 1892; x_wconf 91' lang='lat' dir='ltr'>ad</span> <span class='ocrx_word' id='word_1_224' title='bbox 1181 1856 1276 1891; x_wconf 90' lang='lat' dir='ltr'>illud</span> <span class='ocrx_word' id='word_1_225' title='bbox 1311 1869 1449 1892; x_wconf 75' lang='lat' dir='ltr'>munus</span> <span class='ocrx_word' id='word_1_226' title='bbox 1476 1869 1635 1904; x_wconf 68' lang='lat' dir='ltr'>promo-</span> 
     </span>
     <span class='ocr_line' id='line_1_27' title="bbox 219 1925 337 1954; baseline 0.025 -3"><span class='ocrx_word' id='word_1_227' title='bbox 219 1925 337 1954; x_wconf 65' lang='lat' dir='ltr'>verat.</span> 
     </span>
    </p>
   </div>
   <div class='ocr_carea' id='block_1_9' title="bbox 221 1980 1635 2403">
    <p class='ocr_par' dir='ltr' id='par_1_11' title="bbox 221 1980 1635 2079">
     <span class='ocr_line' id='line_1_28' title="bbox 277 1980 1635 2031; baseline -0.002 -14"><span class='ocrx_word' id='word_1_228' title='bbox 277 1983 365 2017; x_wconf 68' lang='lat' dir='ltr'>Cn.</span> <span class='ocrx_word' id='word_1_229' title='bbox 386 1982 497 2018; x_wconf 87' lang='lat' dir='ltr'>XIII.</span> <span class='ocrx_word' id='word_1_230' title='bbox 522 1982 690 2016; x_wconf 78' lang='lat' dir='ltr'>Pallium</span> <span class='ocrx_word' id='word_1_231' title='bbox 707 1989 744 2017; x_wconf 82' lang='lat' dir='ltr'>et</span> <span class='ocrx_word' id='word_1_232' title='bbox 759 1982 949 2031; x_wconf 83' lang='lat' dir='ltr'>crepidas.</span> <span class='ocrx_word' id='word_1_233' title='bbox 974 1982 1003 2016; x_wconf 92' lang='lat'>1.</span> <span class='ocrx_word' id='word_1_234' title='bbox 1022 1993 1053 2016; x_wconf 87' lang='lat' dir='ltr'>e.</span> <span class='ocrx_word' id='word_1_235' title='bbox 1076 1993 1239 2030; x_wconf 79' lang='lat' dir='ltr'>graecum</span> <span class='ocrx_word' id='word_1_236' title='bbox 1260 1980 1432 2016; x_wconf 86' lang='lat' dir='ltr'>habitum</span> <span class='ocrx_word' id='word_1_237' title='bbox 1452 1980 1610 2028; x_wconf 82' lang='lat' dir='ltr'>sumpsit</span> <span class='ocrx_word' id='word_1_238' title='bbox 1627 2009 1635 2024; x_wconf 89' lang='lat'>,</span> 
     </span>
     <span class='ocr_line' id='line_1_29' title="bbox 221 2044 599 2079; baseline 0 -1"><span class='ocrx_word' id='word_1_239' title='bbox 221 2044 384 2079; x_wconf 81' lang='lat' dir='ltr'>docente</span> <span class='ocrx_word' id='word_1_240' title='bbox 406 2045 459 2079; x_wconf 85' lang='lat' dir='ltr'>Cl.</span> <span class='ocrx_word' id='word_1_241' title='bbox 485 2046 599 2079; x_wconf 80' lang='lat' dir='ltr'>Hase.</span> 
     </span>
    </p>

    <p class='ocr_par' dir='ltr' id='par_1_12' title="bbox 228 2105 1633 2215">
     <span class='ocr_line' id='line_1_30' title="bbox 275 2105 1633 2153; baseline -0.001 -11"><span class='ocrx_word' id='word_1_242' title='bbox 275 2107 566 2143; x_wconf 73' lang='lat' dir='ltr'>Nemausenses.</span> <span class='ocrx_word' id='word_1_243' title='bbox 590 2106 665 2142; x_wconf 88' lang='lat' dir='ltr'>Scil</span> <span class='ocrx_word' id='word_1_244' title='bbox 686 2106 887 2153; x_wconf 89' lang='lat' dir='ltr'>Nemansi,</span> <span class='ocrx_word' id='word_1_245' title='bbox 913 2105 1043 2141; x_wconf 85' lang='lat' dir='ltr'>Galliae</span> <span class='ocrx_word' id='word_1_246' title='bbox 1073 2105 1335 2143; x_wconf 89' lang='lat' dir='ltr'>Narbonensis</span> <span class='ocrx_word' id='word_1_247' title='bbox 1364 2105 1470 2142; x_wconf 88' lang='lat' dir='ltr'>urbis</span> <span class='ocrx_word' id='word_1_248' title='bbox 1490 2106 1633 2141; x_wconf 79' lang='lat' dir='ltr'>incolae.</span> 
     </span>
     <span class='ocr_line' id='line_1_31' title="bbox 228 2169 1201 2215; baseline -0.001 -11"><span class='ocrx_word' id='word_1_249' title='bbox 228 2169 392 2215; x_wconf 81' lang='lat' dir='ltr'>Gallice,</span> <span class='ocrx_word' id='word_1_250' title='bbox 416 2177 459 2205; x_wconf 90' lang='lat' dir='ltr'>ut</span> <span class='ocrx_word' id='word_1_251' title='bbox 487 2170 656 2206; x_wconf 81' lang='lat' dir='ltr'>creditur</span> <span class='ocrx_word' id='word_1_252' title='bbox 678 2183 686 2204; x_wconf 92' lang='lat'>:</span> <span class='ocrx_word' id='word_1_253' title='bbox 711 2172 766 2205; x_wconf 85' lang='lat' dir='ltr'>les</span> <span class='ocrx_word' id='word_1_254' title='bbox 787 2170 968 2205; x_wconf 76' lang='lat' dir='ltr'>habitans</span> <span class='ocrx_word' id='word_1_255' title='bbox 989 2171 1036 2204; x_wconf 77' lang='lat' dir='ltr'>cle</span> <span class='ocrx_word' id='word_1_256' title='bbox 1061 2169 1201 2204; x_wconf 77' lang='lat' dir='ltr'>Nc&#39;mes.</span> 
     </span>
    </p>

    <p class='ocr_par' dir='ltr' id='par_1_13' title="bbox 284 2231 963 2280">
     <span class='ocr_line' id='line_1_32' title="bbox 284 2231 963 2280; baseline 0.001 -12"><span class='ocrx_word' id='word_1_257' title='bbox 284 2231 444 2278; x_wconf 56' lang='lat' dir='ltr'>Major-11³</span> <span class='ocrx_word' id='word_1_258' title='bbox 451 2233 541 2279; x_wconf 78' lang='lat' dir='ltr'>filii.</span> <span class='ocrx_word' id='word_1_259' title='bbox 563 2234 711 2280; x_wconf 83' lang='lat' dir='ltr'>Nempe</span> <span class='ocrx_word' id='word_1_260' title='bbox 734 2234 775 2268; x_wconf 86' lang='lat' dir='ltr'>C.</span> <span class='ocrx_word' id='word_1_261' title='bbox 797 2232 963 2269; x_wconf 70' lang='lat' dir='ltr'>Caesaris.</span> 
     </span>
    </p>

    <p class='ocr_par' dir='ltr' id='par_1_14' title="bbox 223 2293 1635 2403">
     <span class='ocr_line' id='line_1_33' title="bbox 278 2293 1635 2342; baseline -0.001 -12"><span class='ocrx_word' id='word_1_262' title='bbox 278 2296 333 2330; x_wconf 85' lang='lat' dir='ltr'>M.</span> <span class='ocrx_word' id='word_1_263' title='bbox 356 2297 481 2331; x_wconf 81' lang='lat' dir='ltr'>Lollio</span> <span class='ocrx_word' id='word_1_264' title='bbox 494 2295 685 2342; x_wconf 68' lang='lat' dir='ltr'>offensior.</span> <span class='ocrx_word' id='word_1_265' title='bbox 701 2296 787 2331; x_wconf 83' lang='lat' dir='ltr'>Scil.</span> <span class='ocrx_word' id='word_1_266' title='bbox 810 2296 890 2341; x_wconf 85' lang='lat' dir='ltr'>ejus</span> <span class='ocrx_word' id='word_1_267' title='bbox 910 2294 1110 2330; x_wconf 88' lang='lat' dir='ltr'>fraudibus</span> <span class='ocrx_word' id='word_1_268' title='bbox 1131 2294 1202 2329; x_wconf 83' lang='lat' dir='ltr'>sihi</span> <span class='ocrx_word' id='word_1_269' title='bbox 1226 2306 1246 2328; x_wconf 91' lang='lat' dir='ltr'>a</span> <span class='ocrx_word' id='word_1_270' title='bbox 1270 2294 1429 2329; x_wconf 86' lang='lat' dir='ltr'>Phraate</span> <span class='ocrx_word' id='word_1_271' title='bbox 1449 2293 1635 2328; x_wconf 80' lang='lat' dir='ltr'>indicatis.</span> 
     </span>
     <span class='ocr_line' id='line_1_34' title="bbox 223 2347 1185 2403; baseline 0 -12"><span class='ocrx_word' id='word_1_272' title='bbox 223 2358 277 2392; x_wconf 73' lang='lat' dir='ltr'>(tf.</span> <span class='ocrx_word' id='word_1_273' title='bbox 302 2359 440 2402; x_wconf 59' lang='lat' dir='ltr'>Vnt„</span> <span class='ocrx_word' id='word_1_274' title='bbox 463 2371 513 2403; x_wconf 78' lang='grc' dir='ltr'>ιι,</span> <span class='ocrx_word' id='word_1_275' title='bbox 540 2371 630 2403; x_wconf 78' lang='lat'>102,</span> <span class='ocrx_word' id='word_1_276' title='bbox 656 2365 692 2393; x_wconf 91' lang='lat' dir='ltr'>et</span> <span class='ocrx_word' id='word_1_277' title='bbox 719 2360 850 2402; x_wconf 48' lang='lat' dir='ltr'>Puta,</span> <span class='ocrx_word' id='word_1_278' title='bbox 878 2347 934 2392; x_wconf 52' lang='lat' dir='ltr'>HJ</span> <span class='ocrx_word' id='word_1_279' title='bbox 948 2358 994 2391; x_wconf 85' lang='lat' dir='ltr'>N.</span> <span class='ocrx_word' id='word_1_280' title='bbox 1011 2384 1020 2399; x_wconf 91' lang='lat'><em>,</em></span> <span class='ocrx_word' id='word_1_281' title='bbox 1045 2369 1102 2401; x_wconf 69' lang='grc' dir='ltr'>ιχ,</span> <span class='ocrx_word' id='word_1_282' title='bbox 1124 2356 1185 2392; x_wconf 79' lang='lat'>35.</span> 
     </span>
    </p>
   </div>
   <div class='ocr_carea' id='block_1_10' title="bbox 222 2433 1640 2673">
    <p class='ocr_par' dir='ltr' id='par_1_15' title="bbox 222 2433 1640 2673">
     <span class='ocr_line' id='line_1_35' title="bbox 278 2433 1636 2484; baseline -0.004 -12"><span class='ocrx_word' id='word_1_283' title='bbox 278 2437 367 2472; x_wconf 71' lang='lat' dir='ltr'>Cn.</span> <span class='ocrx_word' id='word_1_284' title='bbox 400 2437 504 2472; x_wconf 86' lang='lat' dir='ltr'>XIV.</span> <span class='ocrx_word' id='word_1_285' title='bbox 536 2439 640 2471; x_wconf 76' lang='lat' dir='ltr'>Arce.</span> <span class='ocrx_word' id='word_1_286' title='bbox 672 2436 748 2472; x_wconf 87' lang='lat' dir='ltr'>Has</span> <span class='ocrx_word' id='word_1_287' title='bbox 777 2435 907 2484; x_wconf 85' lang='lat' dir='ltr'>posuit</span> <span class='ocrx_word' id='word_1_288' title='bbox 939 2435 1150 2481; x_wconf 83' lang='lat' dir='ltr'>Antonius,</span> <span class='ocrx_word' id='word_1_289' title='bbox 1184 2435 1347 2471; x_wconf 82' lang='lat' dir='ltr'>docente</span> <span class='ocrx_word' id='word_1_290' title='bbox 1378 2433 1526 2478; x_wconf 88' lang='lat' dir='ltr'>Dione,</span> <span class='ocrx_word' id='word_1_291' title='bbox 1561 2445 1636 2478; x_wconf 74' lang='lat' dir='ltr'>mv,</span> 
     </span>
     <span class='ocr_line' id='line_1_36' title="bbox 222 2497 1640 2550; baseline -0.003 -13"><span class='ocrx_word' id='word_1_292' title='bbox 222 2510 260 2546; x_wconf 80' lang='lat' dir='ltr'>p-</span> <span class='ocrx_word' id='word_1_293' title='bbox 285 2497 359 2535; x_wconf 74' lang='lat'>526</span> <span class='ocrx_word' id='word_1_294' title='bbox 388 2512 394 2531; x_wconf 91' lang='lat'><strong>:</strong></span> <span class='ocrx_word' id='word_1_295' title='bbox 425 2504 500 2537; x_wconf 61' lang='lat' dir='ltr'>kz?</span> <span class='ocrx_word' id='word_1_296' title='bbox 516 2501 583 2541; x_wconf 57' lang='grc' dir='ltr'>ἤδη</span> <span class='ocrx_word' id='word_1_297' title='bbox 616 2517 653 2549; x_wconf 74' lang='grc' dir='ltr'>γε</span> <span class='ocrx_word' id='word_1_298' title='bbox 682 2504 739 2537; x_wconf 57' lang='grc' dir='ltr'>καὶ</span> <span class='ocrx_word' id='word_1_299' title='bbox 764 2504 838 2550; x_wconf 64' lang='grc' dir='ltr'>περὶ</span> <span class='ocrx_word' id='word_1_300' title='bbox 870 2509 927 2543; x_wconf 69' lang='grc' dir='ltr'>τῆς</span> <span class='ocrx_word' id='word_1_301' title='bbox 955 2505 1133 2550; x_wconf 57' lang='grc' dir='ltr'>μοναρχίας</span> <span class='ocrx_word' id='word_1_302' title='bbox 1162 2504 1293 2543; x_wconf 66' lang='grc' dir='ltr'>ἐνενόει,</span> <span class='ocrx_word' id='word_1_303' title='bbox 1323 2499 1440 2538; x_wconf 67' lang='grc' dir='ltr'>ἐπειδὴ</span> <span class='ocrx_word' id='word_1_304' title='bbox 1463 2501 1539 2546; x_wconf 62' lang='grc' dir='ltr'>πρὸς</span> <span class='ocrx_word' id='word_1_305' title='bbox 1568 2502 1640 2538; x_wconf 61' lang='grc' dir='ltr'>τοὶς</span> 
     </span>
     <span class='ocr_line' id='line_1_37' title="bbox 223 2558 1634 2611; baseline -0.004 -13"><span class='ocrx_word' id='word_1_306' title='bbox 223 2566 402 2604; x_wconf 51' lang='lat' dir='ltr'>‘mlh-swa:</span> <span class='ocrx_word' id='word_1_307' title='bbox 421 2567 509 2611; x_wconf 73' lang='grc' dir='ltr'>αὐτῷ</span> <span class='ocrx_word' id='word_1_308' title='bbox 533 2567 783 2611; x_wconf 52' lang='lat' dir='ltr'>fiscanum-vivre</span> <span class='ocrx_word' id='word_1_309' title='bbox 803 2570 864 2611; x_wconf 73' lang='grc' dir='ltr'>πῦρ</span> <span class='ocrx_word' id='word_1_310' title='bbox 887 2567 921 2599; x_wconf 74' lang='grc' dir='ltr'>ἐκ</span> <span class='ocrx_word' id='word_1_311' title='bbox 941 2571 1004 2599; x_wconf 71' lang='grc' dir='ltr'>τῶν</span> <span class='ocrx_word' id='word_1_312' title='bbox 1026 2564 1135 2611; x_wconf 59' lang='lat' dir='ltr'>Cepi-m</span> <span class='ocrx_word' id='word_1_313' title='bbox 1169 2571 1232 2599; x_wconf 80' lang='grc' dir='ltr'>τῶν</span> <span class='ocrx_word' id='word_1_314' title='bbox 1259 2567 1321 2599; x_wconf 60' lang='grc' dir='ltr'>ὑπὸ</span> <span class='ocrx_word' id='word_1_315' title='bbox 1345 2569 1401 2597; x_wconf 73' lang='grc' dir='ltr'>τοῦ</span> <span class='ocrx_word' id='word_1_316' title='bbox 1421 2558 1583 2597; x_wconf 68' lang='grc' dir='ltr'>Ᾰντωνίιυ</span> <span class='ocrx_word' id='word_1_317' title='bbox 1605 2566 1634 2595; x_wconf 81' lang='grc' dir='ltr'>ἐν</span> 
     </span>
     <span class='ocr_line' id='line_1_38' title="bbox 224 2625 1131 2673; baseline 0.001 -14"><span class='ocrx_word' id='word_1_318' title='bbox 224 2632 269 2672; x_wconf 77' lang='grc' dir='ltr'>τῷ</span> <span class='ocrx_word' id='word_1_319' title='bbox 295 2630 500 2672; x_wconf 58' lang='grc' dir='ltr'>ταᾳρῑὸμπτι</span> <span class='ocrx_word' id='word_1_320' title='bbox 525 2625 715 2672; x_wconf 61' lang='grc' dir='ltr'>ἱιῩρνῡέντιινι</span> <span class='ocrx_word' id='word_1_321' title='bbox 743 2629 929 2673; x_wconf 65' lang='grc' dir='ltr'>αὐτόματον</span> <span class='ocrx_word' id='word_1_322' title='bbox 954 2629 1131 2673; x_wconf 35' lang='lat' dir='ltr'>duim—11:142.</span> 
     </span>
    </p>
   </div>
   <div class='ocr_carea' id='block_1_11' title="bbox 279 2692 1257 2741">
    <p class='ocr_par' dir='ltr' id='par_1_16' title="bbox 279 2692 1257 2741">
     <span class='ocr_line' id='line_1_39' title="bbox 279 2692 1257 2741; baseline -0.003 -13"><span class='ocrx_word' id='word_1_323' title='bbox 279 2692 461 2741; x_wconf 70' lang='lat' dir='ltr'>Geryonis</span> <span class='ocrx_word' id='word_1_324' title='bbox 481 2694 683 2728; x_wconf 77' lang='lat' dir='ltr'>oraculum.</span> <span class='ocrx_word' id='word_1_325' title='bbox 711 2694 766 2728; x_wconf 79' lang='lat' dir='ltr'>De</span> <span class='ocrx_word' id='word_1_326' title='bbox 794 2694 866 2729; x_wconf 87' lang='lat' dir='ltr'>hoc</span> <span class='ocrx_word' id='word_1_327' title='bbox 887 2693 980 2728; x_wconf 86' lang='lat' dir='ltr'>nibil</span> <span class='ocrx_word' id='word_1_328' title='bbox 1008 2699 1257 2741; x_wconf 77' lang='lat' dir='ltr'>compertum.</span> 
     </span>
    </p>
   </div>
  </div>
 </body>
</html>
