1988 3439
784 305 937 341 OTHO.
1527 327 1570 361 ις)

172 391 408 452 impetrata
440 391 765 452 dispensatione
795 389 940 434 decies
983 391 1231 435 sestertium
1271 409 1565 455 expresserat.

170 473 264 517 Hoc
287 472 534 518 subsidium
563 473 673 517 tanti
698 473 828 533 coepti
860 472 956 517 fuit.
980 475 1044 518 Ac
1067 474 1212 534 primo
1237 475 1435 537 quinque
1463 495 1567 541 spe-

169 553 442 599 culatoribus
471 554 703 599 commissa
733 570 802 599 res
827 563 918 610 est,
947 553 1107 599 deinde
1130 553 1281 600 decem
1311 556 1430 614 aliis,
1453 576 1565 621 quos

170 634 334 697 singuli
365 635 492 680 binos
524 635 827 697 produxerant
854 651 862 679 :
894 635 1098 681 omnibus
1127 635 1240 681 dena
1267 640 1467 684 sestertia
1503 657 1570 685 re-

167 726 426 778 praesentata
441 751 452 772 ,
474 726 518 762 et
539 718 856 779 quinquagena
882 718 1111 778 promissa.
1134 719 1219 762 Per
1241 718 1322 763 hos
1342 718 1566 766 sollicitati

166 797 354 858 reliqui,
382 815 464 843 nec
494 797 606 844 adeo
644 798 800 856 multi;
838 798 959 844 haud
995 798 1131 844 dubia
1165 799 1354 855 fiducia,
1391 802 1435 846 in
1472 803 1568 864 ipso

166 880 343 940 negotio
368 878 518 942 plures
542 879 789 926 adfuturos.

228 963 307 1005 VI.
335 959 518 1006 Tulerat
552 963 754 1020 animus,
787 973 888 1025 post
922 963 1210 1025 adoptionem
1243 966 1390 1010 statim
1424 978 1567 1012 castra

162 1057 403 1103 occupare,
428 1053 764 1105 coenantemque
785 1045 830 1088 in
849 1042 1022 1089 Palatio
1041 1044 1232 1090 Galbam
1260 1047 1440 1108 aggredi
1461 1066 1470 1092 ε
1492 1049 1567 1093 sed

160 1122 333 1167 obstitit
376 1134 600 1186 respectus
641 1125 838 1170 cohortis
857 1161 868 1182 ,
912 1143 1010 1187 quae
1049 1136 1154 1170 tunc
1196 1128 1469 1185 excubabat,
1512 1148 1567 1175 ne

161 1216 424 1250 oneraretur
451 1206 644 1263 invidia3
668 1207 787 1268 quod
813 1207 1009 1268 ejusdem
1032 1209 1220 1252 statione
1247 1220 1289 1253 et
1316 1211 1450 1255 Caius
1470 1211 1565 1256 fue-

162 1296 230 1331 rat
259 1287 458 1343 occisus,
483 1298 525 1332 et
556 1287 754 1332 desertus
786 1289 920 1332 Nero.
947 1287 1150 1332 Medium
1181 1306 1360 1351 quoque
1390 1301 1564 1354 teinpus

160 1366 317 1429 religio
341 1378 383 1412 et
410 1367 619 1413 Seleucus
651 1370 824 1413 exemit.
855 1372 974 1431 Ergo
999 1369 1220 1415 destinata
1247 1371 1341 1427 die,
1373 1389 1562 1433 praemo-

160 1449 264 1493 nitis
288 1450 498 1506 consciis,
523 1460 572 1494 ut
598 1467 643 1494 se
669 1452 714 1494 in
737 1453 854 1494 Foro
881 1451 962 1494 sub
988 1450 1081 1496 aede
1105 1453 1286 1497 Saturni
1309 1453 1363 1497 ad
1392 1454 1562 1499 Millia-

159 1531 275 1575 rium
301 1547 484 1575 aureum
512 1533 843 1594 opperirentur,
864 1549 994 1576 mane
1021 1532 1211 1578 Galbam
1237 1533 1470 1592 salutavit3
1499 1547 1564 1581 ut-

158 1628 244 1673 que
279 1623 542 1671 consuerat,
570 1612 722 1658 osculo
749 1625 985 1676 exceptus,
1015 1615 1147 1659 etiam
1189 1615 1456 1661 sacrificanti
1494 1619 1562 1661 in-

162 1693 340 1751 terfuit,
367 1695 626 1756 audivitque
646 1695 859 1757 praedicta
882 1696 1145 1758 haruspicis.
1169 1697 1347 1742 Deinde
1375 1697 1557 1747 liberto,

158 1775 309 1820 adesse
329 1776 593 1821 architectos
611 1811 621 1833 ,
642 1778 904 1832 nunciante,
927 1778 1047 1838 quod
1066 1779 1242 1840 signum
1261 1791 1532 1824 convenerat
1550 1817 1560 1837 ,

163 1857 287 1917 quasi
315 1855 515 1901 venalem
544 1857 726 1902 domun]
752 1858 1032 1919 inspecturus
1061 1859 1293 1915 abscessit3
1319 1862 1563 1922 proripuit—

158 1953 244 1997 que
263 1954 308 1982 se
326 1939 494 1999 postica
516 1949 638 2000 parte
663 1939 819 1984 Palatii
846 1939 902 1983 ad
925 1941 1231 1984 constitutum.
1256 1940 1340 1985 Alii
1360 1976 1370 1997 ,
1393 1942 1557 1987 febrem

158 2017 414 2076 simulasse,
440 2021 584 2077 aiunt,
613 2037 798 2081 eamque
829 2021 1161 2066 excusationem
1194 2023 1406 2083 proximis
1436 2040 1560 2067 man-

160 2099 309 2157 dasse,
344 2101 378 2144 si
419 2112 704 2162 quaereretur.
737 2104 864 2146 Tunc
905 2101 1083 2146 abditus
1122 2119 1311 2164 propere
1352 2103 1558 2148 muliebri

157 2179 289 2237 sella,
324 2182 367 2224 in
400 2191 541 2226 castra
579 2182 806 2227 contendit
835 2201 844 2227 :
874 2200 923 2227 ac
956 2182 1266 2228 deficientibus
1298 2183 1528 2230 lecticariis
1550 2222 1560 2242 ,

156 2278 294 2323 quum
326 2261 653 2318 descendisset,
685 2280 955 2325 cursumque
990 2266 1202 2325 cepisset,
1238 2264 1384 2310 laxato
1416 2265 1554 2311 calcio

158 2343 342 2397 restitit,
376 2343 516 2387 donec
543 2343 704 2388 omissa
736 2361 858 2388 mora
891 2345 1178 2401 succollatus,
1206 2357 1249 2390 et
1280 2364 1303 2391 a
1343 2358 1559 2408 praesente

156 2424 370 2468 comitatu
397 2425 640 2486 imperator
661 2423 983 2481 consalutatus,
1009 2427 1123 2470 inter
1148 2426 1313 2471 faustas
1339 2427 1555 2472 acclama-

159 2506 299 2549 tiones
338 2505 604 2566 strictosque
638 2504 806 2568 gladios
837 2506 891 2551 ad
931 2507 1150 2568 principia
1184 2507 1385 2564 devenit,
1421 2508 1553 2552 obvio

157 2601 336 2646 quoque
374 2597 467 2629 non·
500 2584 654 2643 aliter,
695 2603 744 2631 ac
783 2589 816 2631 si
850 2589 1052 2632 conscius
1084 2598 1128 2631 et
1167 2589 1391 2650 particeps
1415 2588 1553 2644 soret,

155 2665 420 2711 adhaerente.
447 2666 514 2711 Ibi
544 2668 712 2723 missis,
733 2669 809 2729 qui
835 2667 1026 2714 Galbam
1054 2679 1096 2713 et
1118 2670 1322 2714 Pisonem
1352 2669 1550 2714 trucida-

157 2756 278 2803 rent,
307 2745 360 2791 ad
395 2746 697 2794 conciliandos
727 2748 1124 2811 pollicitationibus
1153 2750 1347 2795 militum
1383 2750 1554 2795 animos

1318 2852 1356 2875 ¹)..
