1971 3342
418 254 491 289 228
954 258 991 291 C.
1023 258 1254 293 SUETONII

416 354 490 381 sua
516 337 684 399 repulit.
714 341 821 382 Item
848 340 1030 383 scribam
1057 341 1357 401 quaestorium,
1387 341 1574 400 itemque
1595 350 1780 401 praetura

417 417 615 461 functum
651 429 921 473 senatorem,
960 420 1178 463 inauditos
1219 430 1260 463 et
1298 420 1497 464 innoxios
1531 419 1775 481 relegavit:

414 496 532 556 quod
553 496 624 540 ille
642 497 846 541 adversus
867 499 1085 559 privatum
1110 516 1152 542 se
1171 499 1529 559 intemperantius
1551 498 1781 554 adfuisset;

415 576 485 620 hic
522 578 565 620 in
603 577 804 621 aedilitate
832 578 1068 638 inquilinos
1095 579 1358 639 praediorum
1392 596 1593 633 suorum,
1627 589 1780 623 contra

415 657 595 700 vetitum
619 667 739 700 cocta
768 657 1026 713 vendentes,
1066 658 1312 715 multasset,
1341 658 1619 719 villicumque
1644 660 1779 702 inter-

415 737 657 780 venientem
678 736 945 798 flagellasset.
974 739 1073 795 Qua
1094 738 1145 781 de
1165 740 1293 783 causa
1317 740 1446 782 etiam
1474 739 1780 782 coercitionem

414 817 674 876 popinarum
703 816 898 861 aedilibus
938 817 1111 861 ademit.
1153 820 1216 862 Ac
1253 835 1305 861 ne
1342 817 1567 862 stultitiam
1603 819 1779 879 quidem

413 913 535 939 suam
580 898 774 952 reticuit,
825 897 1158 958 simulatamque
1204 915 1228 942 a
1267 915 1310 942 se
1351 916 1401 941 ex
1443 898 1658 942 industria
1698 900 1778 943 sub

414 977 536 1031 Caio,
554 977 673 1037 quod
696 977 821 1021 aliter
846 995 1054 1022 evasurus
1079 989 1452 1039 perventurusque
1467 979 1519 1021 ad
1538 989 1779 1039 susceptam

413 1058 644 1101 stationem
681 1075 767 1101 non
800 1058 951 1115 fuerit,
990 1059 1250 1119 quibusdam
1287 1058 1572 1102 oratiunculis
1605 1069 1782 1104 testatus

413 1146 490 1180 est.
534 1138 625 1180 Nec
660 1147 805 1180 tamen
840 1140 1077 1198 persuasit,
1115 1156 1251 1198 quum
1290 1140 1402 1181 intra
1444 1138 1574 1181 breve
1613 1149 1783 1199 tempus

414 1215 521 1259 liber
547 1217 687 1261 editus
711 1219 785 1273 sit,
811 1219 878 1261 cui
900 1218 1027 1261 index
1044 1229 1136 1262 erat
1157 1217 1309 1276 μωρῶν
1335 1213 1635 1274 ἐπανάστασις,
1660 1236 1785 1280 argu-

413 1306 607 1340 mentum
631 1308 795 1354 autem,
823 1318 843 1338 «
865 1298 1094 1342 stultitiam
1119 1300 1334 1342 neminem
1359 1299 1533 1360 fingere.
1555 1319 1575 1340 2>

477 1379 680 1421 XXXIX.
722 1381 844 1421 Inter
882 1388 1022 1421 cetera
1059 1379 1101 1420 in
1137 1395 1186 1421 eo
1219 1379 1361 1422 mirati
1394 1388 1494 1422 sunt
1517 1379 1714 1422 homines
1740 1390 1782 1423 et

413 1456 674 1500 oblivionem
703 1467 745 1500 et
774 1457 1208 1511 inconsiderantiam,
1245 1457 1332 1513 vel,
1372 1468 1420 1501 ut
1453 1475 1587 1519 graece
1615 1459 1781 1514 dicam,

407 1542 631 1593 μετεωρίοεν
667 1546 706 1579 et
747 1535 973 1599 ἆβλεψίαν.
1015 1537 1171 1580 Occisa
1211 1537 1465 1589 Messalina,
1498 1537 1629 1598 paulo
1660 1549 1782 1599 post,

413 1632 544 1674 quam
567 1617 610 1658 in
639 1615 828 1660 triclinio
851 1617 1078 1672 decubuit,
1104 1637 1124 1657 «
1145 1634 1222 1660 cur
1240 1617 1416 1660 domina
1442 1634 1530 1660 non
1557 1619 1741 1674 veniret,
1763 1639 1783 1659 n

412 1696 649 1754 requisivit.
681 1695 848 1740 Multos
871 1713 922 1740 ex
946 1698 1019 1753 iis,
1042 1713 1151 1756 quos
1183 1698 1324 1757 capite
1358 1697 1642 1741 damnaverat
1658 1732 1669 1753 ,
1689 1715 1784 1758 pos-

412 1784 506 1818 tero
531 1775 675 1818 statim
700 1775 768 1818 die
793 1785 835 1819 et
858 1777 901 1819 in
926 1777 1195 1831 convivium,
1217 1786 1260 1819 et
1285 1775 1340 1819 ad
1362 1775 1465 1820 aleae
1482 1775 1625 1821 lusum
1640 1777 1784 1821 admo-

412 1855 503 1897 neri
528 1855 682 1914 jussit:
711 1865 771 1911 et,
799 1856 921 1916 quasi
948 1865 1245 1912 morarentur,
1285 1866 1332 1900 ut
1361 1856 1674 1901 somniculosos
1706 1875 1783 1918 per

411 1935 621 1977 nuncium
659 1936 888 1995 increpuit.
935 1937 1161 1979 Ducturus
1196 1946 1348 1979 contra
1390 1936 1453 1979 fas
1493 1938 1780 1997 Agrippinam

412 2029 591 2057 uxorem
613 2049 624 2071 ,
673 2032 760 2058 non
805 2017 989 2059 cessavit
1038 2016 1156 2058 omni
1206 2016 1403 2058 oratione
1444 2035 1464 2056 «
1490 2015 1648 2070 filiam,
1673 2036 1692 2057 n
1741 2027 1782 2060 et

409 2091 686 2150 «alumnam,
703 2114 722 2134 ³>
743 2105 784 2137 et
810 2114 830 2135 ε(
847 2095 889 2137 in
915 2095 1079 2154 gremio
1103 2110 1181 2137 suo
1206 2104 1351 2137 natam
1375 2104 1503 2155 atque
1523 2095 1779 2140 educatam»

410 2171 655 2231 praedicare.
685 2175 912 2217 Asciturus
946 2175 991 2217 in
1021 2191 1179 2217 nomen
1213 2173 1385 2218 familiae
1419 2191 1504 2218 suae
1537 2176 1779 2231 Neronem,

409 2252 531 2311 quasi
572 2268 726 2312 parum
766 2253 1188 2314 reprehenderetur,
1233 2253 1352 2314 quod
1387 2253 1536 2298 adulto
1568 2256 1658 2315 jam
1692 2254 1779 2298 silio

410 2331 659 2391 privignum
684 2332 932 2393 adoptaret,
962 2332 1197 2376 identidem
1224 2332 1488 2395 divulgavit,
1521 2354 1540 2375 ε(
1562 2336 1777 2378 neminem

412 2426 601 2470 unquam
627 2429 704 2472 per
726 2412 1003 2472 adoptionem
1028 2412 1200 2456 familiae
1222 2412 1414 2457 Claudiae
1440 2414 1664 2458 insertum.
1691 2433 1711 2454 ³>

471 2493 565 2534 XL.
597 2493 818 2536 Sermonis
845 2510 945 2536 vero
971 2510 1206 2552 rerumque
1228 2503 1393 2537 tantam
1419 2511 1529 2555 saepe
1552 2493 1773 2555 negligen-

411 2573 514 2614 tiam
542 2573 752 2629 ostendit,
779 2583 825 2615 ut
853 2590 931 2616 nec
957 2574 1075 2631 quis,
1105 2590 1181 2616 nec
1210 2574 1322 2617 inter
1345 2591 1473 2634 quos,
1499 2591 1639 2634 quove
1664 2584 1773 2616 tem-

411 2666 515 2708 pore
544 2669 592 2695 ac
621 2652 714 2695 loco
749 2652 876 2695 verba
906 2652 1080 2708 faceret,
1115 2654 1223 2697 scire
1247 2664 1321 2697 aut
1346 2656 1534 2715 cogitare
1559 2654 1776 2697 existima-
