1971 3342
404 213 472 245 130
939 215 976 248 (ἶ.
1008 214 1235 249 SUETONII

462 296 557 337 XX.
588 296 621 338 A
647 297 884 339 Germania
913 297 956 339 in
990 297 1142 340 urbem
1166 304 1263 356 post
1289 294 1509 336 biennium
1532 308 1766 353 regressus,

399 374 694 434 triumphum,
712 391 843 435 quem
863 374 1109 431 distulerat,
1132 376 1237 436 egit3
1260 373 1619 434 prosequentibus
1636 373 1763 416 etiam

399 453 569 515 legatis,
603 455 760 514 quibus
800 453 1081 515 triumphalia
1116 463 1372 497 ornamenta
1405 454 1668 512 impetrarat.
1708 454 1768 496 Ac

398 535 652 595 priusquam
684 535 726 576 in
760 533 1026 594 Capitolium
1061 534 1278 589 flecteret,
1315 532 1534 576 deseendit
1560 549 1583 575 e
1610 549 1739 576 curru
1759 567 1769 586 ,

399 631 529 673 seque
544 613 791 674 praesidenti
806 614 919 673 patri
933 614 985 656 ad
1003 630 1142 673 genua
1159 614 1388 658 summisit.
1411 615 1639 668 Batonem,
1661 615 1771 656 Pan-

400 695 585 738 nonium
604 694 779 749 durem,
796 694 1044 753 ingentibus
1064 693 1273 736 donatum
1294 694 1501 753 praemiis,
1519 695 1770 735 Ravennam

402 772 647 830 transtulit3
685 775 867 834 gratiam
906 773 1119 829 referens,
1156 773 1274 833 quod
1310 790 1354 816 se
1390 770 1638 833 quondam,
1672 788 1771 814 eum

399 854 591 896 exercitu
621 854 849 914 iniquitate
876 852 958 897 loci
982 852 1342 907 circumclusum,
1368 870 1516 914 passus
1544 862 1655 895 esset
1679 868 1774 895 eva-

400 933 514 977 dere.
540 933 778 977 Prandium
802 933 960 978 dehine
985 932 1149 994 populo
1178 933 1295 977 mille
1322 934 1505 988 mensis,
1531 942 1572 976 et
1596 933 1772 993 congia-

401 1015 514 1058 rium
539 1024 733 1057 trecenos
761 1030 963 1057 nummos
996 1014 1157 1056 viritim
1191 1013 1321 1056 dedit.
1347 1013 1576 1057 Dedieavit
1598 1023 1640 1056 et
1661 1015 1775 1056 Con-

400 1094 557 1137 cordiae
582 1094 741 1148 aedem,
770 1094 873 1137 item
900 1092 1088 1137 Pollucis
1117 1103 1161 1136 et
1189 1094 1398 1149 Castoris,
1431 1109 1511 1136 suo
1545 1093 1776 1153 fratrisque

403 1174 598 1228 nomine,
628 1173 680 1216 de
710 1174 940 1216 manubiis.

467 1255 589 1296 XXI.
617 1255 677 1297 Ae
702 1270 791 1296 non
819 1251 960 1296 multo
990 1262 1108 1313 post,
1139 1251 1232 1313 lege
1260 1268 1337 1313 per
1363 1251 1562 1295 consules
1589 1251 1698 1307 lata,
1730 1261 1775 1295 ut

403 1333 647 1393 provincias
672 1349 773 1375 eum
799 1334 999 1392 Augusto
1025 1332 1315 1375 communiter
1345 1331 1692 1387 administraret,
1721 1332 1777 1374 si-

403 1412 583 1472 mulque
602 1429 777 1455 censum
799 1421 965 1473 ageret,
988 1412 1164 1455 condito
1183 1411 1346 1465 lustro,
1371 1411 1415 1454 in
1439 1411 1661 1472 Illyricum
1683 1428 1778 1472 pro-

405 1493 544 1536 fectus
582 1502 658 1535 est.
693 1495 748 1536 Et
776 1493 922 1535 statim
951 1509 1002 1535 ex
1031 1493 1184 1535 itinere
1210 1502 1460 1546 revocatus,
1484 1492 1575 1551 jam
1603 1490 1777 1551 quidem

405 1572 632 1627 affectum,
648 1572 721 1615 sed
738 1582 881 1615 tamen
902 1573 1139 1632 spirantem
1163 1572 1306 1616 adhuc
1330 1574 1577 1633 Augustum
1600 1572 1779 1631 reperit,

406 1651 574 1711 fuitque
592 1668 680 1694 una
698 1662 864 1695 secreto
888 1669 966 1712 per
986 1662 1127 1695 totum
1153 1652 1281 1695 diem.
1309 1652 1430 1704 Seio,
1455 1650 1587 1711 vulgo
1610 1667 1783 1711 persua-

405 1749 523 1789 sum,
551 1733 702 1791 quasi,
731 1749 905 1793 egresso
939 1743 1037 1793 post
1067 1741 1280 1775 secretum
1310 1748 1554 1775 sermonem
1582 1731 1782 1788 Tiberio,

408 1828 492 1855 vox
508 1811 697 1872 Augusti
713 1829 788 1872 per
803 1812 1094 1855 cubicularios
1119 1822 1299 1872 excepta
1327 1813 1382 1855 sit
1405 1829 1413 1854 :
1438 1812 1685 1855 «Miserum
1712 1828 1785 1872 po—

406 1891 562 1952 pulum
586 1909 839 1948 romanum,
868 1893 943 1952 qui
969 1892 1047 1936 sub
1073 1902 1160 1935 tam
1186 1892 1313 1935 lentis
1337 1890 1522 1934 maxillis
1545 1892 1674 1934 erit.»
1694 1893 1783 1935 Nee

406 1970 515 2015 illud
546 1971 723 2031 quidem
749 1972 930 2032 ignoro,
958 1971 1124 2031 aliquos
1156 1970 1411 2024 tradidisse,
1438 1972 1681 2030 Augustum
1709 1988 1784 2031 pa-

406 2050 494 2094 lam
532 2068 610 2094 nee
644 2050 971 2094 dissimulanter
998 2068 1171 2094 morum
1200 2054 1290 2109 ejus
1319 2050 1536 2093 diritatem
1568 2050 1675 2094 adeo
1704 2051 1783 2093 im-

406 2130 641 2191 probasse,
662 2140 712 2173 ut
731 2146 1046 2190 nonnunquam
1072 2130 1339 2173 remissiores
1361 2129 1675 2190 hilarioresque
1696 2147 1784 2174 ser-

407 2226 583 2265 mones,
626 2210 960 2270 superveniente
995 2227 1068 2265 eo,
1103 2210 1385 2271 abrumperet
1418 2226 1427 2253 τ
1459 2209 1533 2253 sed
1561 2226 1782 2271 expugna-

408 2299 502 2333 tum
522 2290 723 2349 precibus
743 2290 889 2333 uxoris
913 2289 1195 2350 adoptionem
1220 2307 1309 2333 non
1328 2290 1550 2346 abnuisse3
1568 2289 1633 2334 vel
1653 2292 1781 2334 etiam

408 2369 647 2413 ambitione
667 2379 881 2425 tractum,
906 2378 954 2412 ut
976 2369 1049 2413 tali
1074 2386 1322 2413 successore
1348 2368 1675 2413 desiderabilior
1695 2370 1785 2429 ipse

408 2448 672 2509 quandoque
708 2448 844 2492 fieret.
885 2449 1052 2493 Adduei
1090 2458 1235 2491 tamen
1269 2465 1462 2509 nequeo,
1497 2450 1602 2508 quin
1637 2449 1783 2492 existi-

410 2544 547 2585 mem,
587 2529 1073 2588 circumspectissimum
1114 2538 1157 2570 et
1196 2528 1580 2587 prudentissimum
1622 2528 1785 2587 prinei-

412 2624 536 2667 pem,
566 2611 608 2652 in
640 2618 762 2652 tanto
788 2609 1027 2668 praesertim
1055 2610 1259 2668 negotio,
1287 2608 1395 2652 nihil
1424 2618 1585 2652 temere
1612 2607 1785 2663 fecisse;
