1971 3342
464 239 536 272 172
993 229 1029 263 c.
1057 228 1287 264 SUEToNn

463 321 509 354 ut
531 311 746 355 Antiocho
767 314 1062 372 Commageno
1084 316 1327 355 sestertium
1353 310 1505 355 millies
1524 313 1815 358 confiscatum.

463 391 652 450 Quoque
667 392 802 452 magis
819 389 978 434 nullius
994 396 1082 434 non
1096 391 1202 435 honi
1221 391 1403 452 exempli
1422 392 1566 436 fautor
1582 392 1819 449 videretur,

461 469 631 513 mulieri
671 470 881 514 libertinae
917 471 1139 531 octoginta
1180 471 1385 527 donavit,
1427 470 1543 531 quod
1578 473 1820 517 excruciata

462 551 723 610 gravissimis
746 551 970 594 tormentis
989 549 1041 593 de
1060 549 1215 594 scelere
1234 551 1407 611 patroni
1428 550 1682 595 reticuisset.
1701 552 1822 609 Quas

463 630 517 673 ob
541 646 606 674 res
630 630 743 673 inter
764 629 952 690 reliquos
975 629 1160 674 honores
1181 630 1376 674 decretus
1397 639 1460 674 est
1480 631 1518 673 ei
1544 629 1717 691 clypeus
1743 647 1821 674 au-

464 727 586 767 reus,
613 727 743 771 quem
769 711 999 770 quotannis
1027 720 1145 754 certo
1171 710 1239 754 die
1271 709 1450 772 collegia
1474 710 1746 755 sacerdotum
1777 711 1821 754 in

462 790 729 850 Capitolium
762 790 947 848 ferrent,
977 800 1128 834 senatu
1166 800 1482 851 prosequente,
1517 789 1821 850 nobilibusque

464 870 611 930 pueris
635 887 684 913 ac
707 869 860 930 puellis
879 870 1069 914 carmine
1090 869 1314 914 modulato
1335 869 1483 914 laudes
1503 871 1711 914 virtutum
1732 871 1824 930 ejus

464 950 732 993 canentibus.
758 952 995 994 Decretum
1020 959 1163 993 autem
1179 984 1190 1006 ,
1218 959 1265 993 ut
1289 949 1400 1005 dies,
1428 966 1513 1010 quo
1539 951 1720 1010 cepisset
1746 949 1824 993 im-

463 1030 660 1088 perium,
698 1029 860 1074 Palilia
897 1039 1144 1085 vocaretur,
1178 1028 1297 1073 velut
1335 1040 1641 1090 argumentum
1678 1046 1826 1074 rursus

465 1108 647 1152 conditae
675 1110 819 1153 Urbis.

529 1190 668 1233 XVII.
695 1187 957 1234 Consulatus
975 1200 1162 1251 quatuor
1180 1191 1308 1252 gessit
1325 1208 1333 1235 :
1350 1191 1541 1251 primum
1558 1208 1609 1236 ex
1631 1190 1825 1236 kalendis

461 1267 580 1328 juliis
614 1285 692 1330 per
726 1268 834 1313 duos
873 1287 1067 1328 menses3
1099 1271 1338 1315 secundum
1367 1288 1418 1316 ex
1448 1271 1642 1316 kalendis
1667 1273 1825 1333 janua-

467 1349 541 1392 riis
569 1366 646 1409 per
680 1350 858 1410 triginta
889 1350 1003 1406 dies3
1032 1351 1205 1394 tertium
1240 1368 1377 1411 usque
1410 1352 1454 1395 in
1487 1352 1583 1396 idus
1610 1352 1828 1412 januarii3

466 1439 669 1488 quartum
696 1445 832 1489 usque
859 1431 903 1473 in
934 1431 1165 1491 septimum
1196 1430 1292 1474 idus
1321 1430 1505 1475 easdem.
1531 1434 1595 1475 Ex
1626 1431 1829 1474 omnibus

467 1508 576 1552 duos
621 1509 879 1553 novissimos
927 1510 1164 1569 conjunxit.
1206 1512 1400 1555 Tertium
1442 1521 1585 1555 autem
1624 1510 1830 1572 Lugduni

468 1589 564 1632 iniit
590 1587 726 1645 solus;
758 1606 871 1647 non,
903 1599 951 1632 ut
975 1590 1153 1649 quidam
1182 1592 1438 1652 opinantur,
1467 1590 1668 1652 superbia
1694 1589 1831 1651 negli-

467 1669 692 1729 gentiave,
728 1669 801 1712 sed
834 1669 951 1730 quod
988 1669 1241 1714 defunctum
1279 1672 1357 1715 sub
1395 1671 1679 1715 kalendarum
1717 1669 1830 1713 diem

467 1747 676 1809 collegam
703 1750 880 1793 rescisse
909 1749 1061 1794 absens
1090 1767 1177 1794 non
1203 1761 1419 1811 potuerat.
1445 1751 1730 1812 Congiarium
1755 1766 1832 1810 po-

467 1827 572 1888 pulo
605 1829 669 1872 bis
702 1828 819 1872 dedit
847 1839 1041 1873 trecenos
1069 1831 1284 1874 sestertios
1308 1848 1317 1874 :
1350 1831 1478 1874 toties
1507 1828 1829 1874 abundantissi-

468 1925 587 1951 mum
624 1908 800 1969 epulum
830 1910 996 1953 senatui
1027 1911 1298 1971 equestrique
1326 1910 1494 1967 ordini,
1524 1910 1652 1953 etiam
1679 1909 1831 1968 conju-

468 1988 592 2047 gibus
615 2005 664 2032 ac
692 1988 836 2033 liberis
861 1999 1161 2048 utrorumque.
1192 1990 1436 2033 Posteriore
1464 1987 1616 2049 epulo,
1646 1988 1832 2031 forensia

469 2068 644 2128 insuper
665 2070 794 2123 viris,
817 2069 984 2112 feminis
1011 2085 1060 2111 ac
1086 2069 1230 2129 pueris
1256 2068 1407 2113 fascias
1430 2085 1635 2129 purpurae
1655 2085 1705 2112 ac
1724 2083 1829 2111 con-

469 2147 599 2206 chylii
623 2147 858 2191 distribuit.
884 2151 942 2192 Et
970 2159 1018 2192 ut
1041 2147 1232 2192 laetitiam
1259 2148 1476 2210 publicam
1501 2150 1544 2192 in
1572 2157 1829 2210 perpetuum

471 2243 644 2287 quoque
673 2238 874 2289 augeret,
905 2228 1064 2289 adjecit
1088 2228 1202 2273 diem
1229 2228 1549 2286 Saturnalibus,
1578 2225 1833 2289 appellavit-

470 2323 553 2366 que
581 2309 845 2353 ιῙιινιῒηαῖιήι.

534 2389 699 2431 XVIII.
730 2391 918 2433 Munera
950 2389 1208 2451 gladiatoria
1243 2391 1400 2451 partim
1434 2391 1478 2434 in
1513 2388 1832 2450 amphitheatro

470 2469 628 2525 Tauri,
653 2471 812 2528 partim
839 2470 881 2512 in
905 2471 1074 2530 Scptis,
1099 2469 1266 2530 aliquot
1288 2471 1445 2527 edidit,
1468 2470 1625 2530 quibus
1650 2466 1832 2511 inseruit

472 2558 662 2592 catervas
683 2549 874 2593 afrorum
906 2566 1304 2610 campanorumque
1327 2548 1543 2611 pugilum,
1570 2564 1619 2591 ex
1649 2556 1834 2606 utraque

472 2629 649 2688 regione
680 2627 1050 2672 electissimorum.
1084 2630 1234 2689 Neque
1263 2628 1516 2690 spectaculis
1546 2643 1712 2687 semper
1743 2627 1831 2686 ipsc
