1988 3439
756 285 1020 321 CLAUDIUS.
1500 298 1570 333 227

204 368 313 413 nibil
346 379 435 414 tota
469 371 558 417 via,
595 386 747 429 quam,
790 378 957 412 essetne
990 368 1070 412 sibi
1111 367 1278 412 salvum
1321 371 1573 431 imperium,

197 452 434 512 requirens.

261 534 491 577 XXXVII.
541 529 673 576 Nulla
716 531 824 576 adeo
861 533 1072 593 suspicio,
1110 531 1258 576 nullus
1293 542 1446 577 auctor
1484 543 1573 577 tam

198 611 305 656 levis
330 613 514 669 exstitit,
541 628 565 656 a
592 629 679 672 quo
703 628 815 665 non,
842 612 1051 656 mediocri
1079 611 1288 674 scrupulo
1315 613 1494 674 injecto,
1519 613 1574 658 ad

198 692 443 737 cavendum
468 691 855 753 ulciscendumque
881 691 1229 754 compelleretur.
1255 695 1382 737 Unus
1408 710 1459 737 ex
1484 692 1573 737 liti-

196 774 424 835 gatoribus
457 772 639 817 seducto
676 774 719 817 in
756 773 1015 818 salutatione
1041 774 1297 828 affirmavit,
1335 774 1494 817 vidisse
1530 791 1575 818 se

195 870 275 915 per
301 855 514 914 quietem,
551 853 691 898 occidi
718 870 818 898 eum
853 872 878 898 a
901 854 1123 915 quodam:
1162 854 1262 898 dein
1291 854 1421 916 paulo
1451 865 1573 916 post,

196 935 318 994 quasi
349 951 651 996 percussorem
681 946 960 997 agnosceret,
1000 934 1193 979 libellum
1221 935 1466 980 tradentem
1495 935 1572 979 ad-

192 1017 431 1060 versarium
465 1033 590 1060 suum
626 1016 968 1073 demonstravit3
1001 1016 1316 1077 confestimque
1338 1017 1373 1060 is
1397 1033 1477 1076 pro
1503 1016 1575 1059 de-

192 1096 406 1156 prehenso
440 1097 493 1141 ad
532 1113 703 1158 poenam
731 1107 883 1158 raptus
908 1107 984 1142 est.
1027 1098 1126 1141 Pari
1156 1096 1287 1140 modo
1316 1113 1571 1157 oppressum

194 1177 341 1221 ferunt
363 1178 556 1238 Appium
579 1177 800 1222 Silanum:
830 1194 959 1239 quem
981 1195 1117 1237 quum
1136 1177 1372 1221 Messalina
1395 1187 1438 1221 et
1461 1178 1573 1221 Nar-

195 1258 329 1302 cissus
350 1260 672 1319 conspirassent
698 1259 900 1320 perdere,
928 1259 1076 1303 divisis
1102 1260 1317 1319 partibus,
1341 1258 1451 1302 alter
1473 1268 1573 1302 ante

194 1337 334 1382 lucem
364 1339 516 1384 similis
545 1342 729 1384 attonito
759 1341 928 1400 patroni
959 1339 1211 1383 cubiculum
1239 1340 1420 1400 irrupit,
1456 1339 1572 1382 affir-

193 1435 315 1462 mans
340 1420 578 1464 somniasse
603 1437 669 1475 se,
691 1422 779 1464 vim
805 1421 843 1463 ci
872 1421 925 1464 ab
949 1421 1091 1480 Appio
1119 1419 1282 1464 illatam
1307 1438 1316 1464 :
1346 1419 1503 1472 altera,
1528 1421 1571 1463 in

194 1501 530 1546 admirationem
560 1501 769 1556 formata,
811 1501 893 1545 sibi
932 1517 1107 1561 quoquc
1143 1500 1339 1544 eamdem
1381 1501 1571 1562 speciem

191 1580 357 1642 aliquot
379 1582 468 1643 jam
497 1581 700 1626 noctibus
728 1581 974 1633 obversari,
999 1580 1163 1624 retulit.
1192 1582 1284 1625 Nec
1307 1580 1448 1626 multo
1475 1592 1575 1642 post

190 1680 240 1707 ex
273 1665 517 1725 composito
545 1663 789 1725 irrumpere
819 1664 983 1724 Appius
1014 1664 1274 1720 nunciatus,
1308 1664 1377 1707 cui
1408 1663 1573 1725 pridie,

193 1745 248 1789 ad
275 1745 317 1789 id
343 1745 550 1806 temporis
571 1754 622 1788 ut
645 1743 830 1794 adesset,
859 1754 1127 1805 praeceptum
1153 1753 1270 1798 erat,
1295 1744 1418 1804 quasi
1446 1743 1575 1804 plane

194 1835 576 1886 repraesentaretur
617 1825 772 1868 somnii
817 1824 945 1879 fides,
991 1825 1146 1868 arcessi
1190 1825 1334 1868 statim
1377 1841 1426 1869 ac
1462 1826 1574 1869 mori

189 1910 334 1969 jussus
359 1919 436 1953 est.
464 1910 557 1953 Nec
583 1909 797 1952 dubitavit
826 1918 1002 1969 postero
1027 1909 1098 1952 die
1119 1906 1350 1964 Claudius,
1375 1909 1573 1952 ordinem

195 1991 253 2034 rei
281 2000 409 2052 gestae
434 1990 628 2051 perferre
651 1989 703 2033 ad
732 2001 952 2041 senatum,
981 2006 1030 2032 ac
1057 1988 1213 2032 liberto
1238 1990 1400 2049 gratias
1426 2006 1573 2050 agere,

193 2069 307 2130 quod
331 2088 412 2131 pro
437 2069 575 2115 salute
601 2086 674 2114 sua
702 2071 831 2113 etiam
858 2069 1078 2113 dormiens
1100 2070 1345 2113 excubaret.

259 2152 511 2194 XXXVIII.
533 2154 614 2195 Irae
639 2161 769 2211 atque
799 2150 1031 2193 iracundiae
1052 2151 1251 2194 conscius
1277 2150 1378 2203 sibi,
1404 2160 1577 2193 utrum-

200 2248 284 2292 que
309 2231 530 2274 excusavit
557 2231 724 2286 edicto;
763 2230 1070 2290 distinxitque,
1106 2230 1324 2291 pollicitus
1353 2249 1374 2271 <c
1395 2229 1574 2273 alteram

183 2311 373 2372 *quidem
415 2311 589 2355 brevem
634 2321 675 2354 ct
720 2311 938 2354 innoxiam
962 2345 972 2362 ,
1017 2310 1196 2354 alteram
1239 2328 1324 2354 non
1367 2311 1572 2369 injustam

201 2393 303 2436 fore.
327 2412 347 2433 »
375 2392 671 2440 Ostiensibus,
702 2391 802 2450 quia
831 2391 908 2433 sibi
940 2390 1143 2433 subeunti
1172 2391 1364 2433 Tiberim
1394 2389 1575 2449 scapbas

198 2474 370 2517 obviam
415 2489 502 2516 non
542 2472 764 2525 miserint,
806 2472 995 2531 graviter
1034 2472 1269 2531 correptis,
1304 2487 1440 2529 eaque.
1477 2485 1572 2512 euin

199 2554 381 2605 invidia,
407 2563 476 2607 ut,
505 2553 583 2611 “jn
610 2552 803 2595 ordinem
825 2569 868 2594 se
884 2561 1107 2605 eoactum,
1130 2570 1148 2590 n
1174 2551 1486 2601 conscriberet,
1512 2567 1576 2592 rc-

201 2643 352 2692 pente,
379 2644 547 2677 tantuin
583 2650 666 2676 non
702 2632 1002 2676 satisfacientis
1045 2631 1201 2683 modo,
1242 2631 1409 2673 veniam
1443 2629 1573 2672 dedit.

203 2714 450 2770 Quosdam,
477 2715 517 2757 in
544 2713 717 2774 publico
745 2730 895 2772 parum
923 2713 1175 2772 tempestive
1198 2711 1426 2763 adeuntes,
1444 2727 1573 2752 manu

1321 2789 1382 2834 ις.
