1988 3439
711 262 967 297 CALIGULA.
1458 276 1528 312 ¹99

162 347 265 391 dum
299 357 417 403 crat,
449 347 570 408 pueri
609 345 770 389 nobiles
804 361 854 388 ex
892 345 987 389 Asia
1021 343 1073 387 ad
1108 344 1296 389 edendas
1328 347 1369 390 in
1399 363 1529 391 scena

163 445 314 490 operas
340 429 506 473 evocati
532 435 908 489 praepararentur3
938 434 985 468 ut
1017 441 1089 468 eos
1119 426 1351 486 inspiceret
1376 428 1526 471 horta·

163 519 396 569 returque,
432 508 601 552 restitit.
633 510 737 562 Ac,
771 507 850 550 nisi
887 507 1090 567 princeps
1111 506 1268 570 *gregis
1305 504 1451 566 algere
1486 523 1530 550 se

163 589 324 633 diceret
347 623 357 644 ‚
397 587 538 632 redire
583 603 632 631 ac
675 596 985 648 repraesentare
1033 584 1329 646 spectaculum
1377 585 1527 630 voluit.

165 667 334 730 Duplex
359 667 518 711 dehinc
541 667 654 711 fama
678 676 754 711 est.
778 665 863 710 Alii
883 666 1086 719 tradunt,
1106 664 1347 726 alloquenti
1371 681 1528 726 pueros

162 766 186 791 a
216 758 337 809 tergo
364 747 588 792 Chaeream
624 746 833 792 cervicem
865 745 1010 806 gladio
1043 747 1184 790 caesim
1213 746 1404 807 graviter
1434 762 1531 806 per-

160 829 364 879 cussisse,
386 828 603 888 praemissa
624 843 748 883 voce,
770 847 790 867 «
808 829 901 870 Hoc
926 825 1026 887 age!
1047 846 1068 866 n
1092 826 1249 869 dehinc
1272 825 1529 869 Cornelium

163 897 399 963 Sabinum,
433 906 616 951 alterum
651 924 674 950 e
707 908 946 967 conjuratis
980 906 1238 957 tribunum,
1272 922 1321 950 ex
1350 905 1531 950 adverso

161 988 378 1048 trajecisse
403 997 567 1049 pectus.
594 986 703 1043 Alii,
731 986 966 1043 Sabinum,
992 996 1208 1032 summota
1234 1003 1308 1047 per
1331 988 1530 1030 conscios

160 1070 434 1113 centuriones
473 1068 627 1123 turba,
663 1069 834 1130 signum
877 1084 997 1111 more
1039 1066 1202 1111 militiae
1241 1067 1427 1127 petisse,
1460 1076 1530 1124 et,

161 1149 266 1193 Caio
287 1151 432 1193 Iovem
462 1148 617 1205 dante,
641 1149 866 1193 Chaeream
892 1147 1177 1202 exclamasse,
1205 1168 1224 1188 «
1253 1148 1413 1208 Accipe
1443 1148 1528 1191 ira-

163 1227 275 1272 tum!
303 1249 321 1269 n
357 1230 689 1290 respicientique
726 1228 945 1272 maxillam
983 1229 1068 1271 ictu
1109 1227 1345 1271 discidisse.
1377 1231 1530 1271 Jacen-

162 1318 278 1361 tem,
321 1310 642 1369 contractisque
682 1310 888 1352 memhris
927 1307 1222 1352 clamitantem
1266 1326 1310 1351 se
1355 1309 1529 1363 vivere,

161 1390 291 1431 ceteri
315 1388 566 1432 vulneribus
590 1390 765 1449 triginta
787 1389 1082 1432 confecerunt.
1104 1390 1216 1432 Nam
1240 1389 1413 1448 signum
1438 1398 1531 1431 erat

161 1469 374 1522 omnium,
395 1488 414 1508 α
434 1468 612 1530 Repete!
628 1489 647 1508 »
671 1468 863 1525 Quidam
884 1469 1012 1511 etiam
1037 1484 1114 1527 per
1136 1468 1337 1511 obscoena
1364 1467 1527 1510 ferrum

162 1547 416 1609 adegerunt.
443 1548 507 1592 Ad
534 1550 721 1609 primum
748 1547 985 1592 tumultum
1012 1547 1221 1591 lecticarii
1248 1564 1348 1590 cum
1373 1549 1524 1591 asseri-

163 1628 242 1671 bus
268 1628 310 1671 in
336 1626 545 1673 auxilium
571 1638 940 1672 accucurrerunt:
970 1645 1068 1672 mox
1095 1629 1307 1672 Germani
1334 1628 1530 1688 corporis

160 1707 358 1751 custodes
377 1725 385 1751 z
403 1725 452 1751 ac
477 1707 711 1752 nonnullos
731 1725 781 1752 ex
803 1709 1148 1769 percussoribus,
1163 1707 1376 1768 quosdam
1398 1708 1527 1751 ctiam

162 1797 380 1831 senatores
409 1789 629 1844 innoxios,
658 1790 983 1832 interemerunt.

230 1870 341 1911 LIX.
367 1869 486 1911 Vixit
512 1870 637 1911 annis
667 1869 961 1930 undetriginta
985 1886 992 1911 :
1018 1870 1243 1929 imperavit
1272 1868 1461 1911 triennio
1486 1877 1528 1911 et

163 1948 310 1992 decem
336 1949 580 2004 mensibus,
607 1948 846 2008 diebusque
874 1959 986 1992 octo.
1011 1949 1209 1993 Cadaver
1232 1950 1324 2008 ejus
1351 1947 1462 1992 clam
1490 1949 1532 1991 in

164 2028 313 2072 hortos
340 2029 575 2073 Lamianos
608 2039 908 2090 asportatum,
937 2039 978 2072 et
1014 2028 1299 2072 tumultuario
1329 2044 1436 2089 rogo
1470 2044 1534 2071 se-

166 2108 502 2165 miambustum,
544 2108 625 2152 levi
665 2110 825 2169 cespite
864 2110 1072 2152 obrutum
1115 2119 1179 2152 est
1217 2127 1225 2151 :
1268 2118 1417 2169 postea
1458 2124 1534 2168 per

166 2204 335 2230 sorores
373 2188 426 2230 ab
455 2187 606 2231 exsilio
642 2205 837 2232 reversas
865 2199 1064 2245 erutum,
1094 2199 1135 2232 et
1168 2197 1438 2243 crematum,
1469 2203 1534 2231 se-

167 2267 438 2327 pultumque.
476 2268 589 2311 Satis
618 2278 810 2321 constat,
847 2270 1098 2329 priusquam
1134 2269 1175 2312 id
1209 2268 1354 2323 fieret,
1388 2268 1537 2311 horto-

168 2364 263 2390 rum
291 2347 489 2391 custodes
518 2348 683 2391 umbris
710 2348 972 2407 inquietatos
995 2365 1002 2390 5
1031 2349 1073 2390 in
1100 2364 1147 2390 ca
1173 2365 1348 2408 quoque
1378 2347 1536 2401 domo,

169 2429 210 2470 in
237 2443 322 2487 qua
356 2427 640 2481 occubuerit,
669 2426 831 2470 nullam
868 2437 1036 2470 noctem
1072 2428 1163 2470 sine
1191 2427 1336 2487 aliquo
1374 2437 1537 2469 terrore

168 2517 460 2562 transactam,
489 2507 626 2551 donec
665 2509 755 2568 ipsa
789 2506 944 2550 donnus
977 2506 1176 2549 incendio
1207 2516 1435 2549 consumta
1466 2505 1532 2547 sit.

167 2588 300 2630 Periit
332 2604 418 2630 nna
450 2596 495 2630 et·
524 2604 631 2630 uxor
656 2588 877 2641 Caesonia,
912 2586 1053 2647 gladio
1086 2605 1106 2629 a
1137 2587 1393 2630 centurione
1431 2601 1535 2628 con-

171 2668 305 2723 fossa,
334 2678 373 2711 et
404 2667 485 2711 sitia
520 2669 668 2729 parieti
701 2667 818 2711 illisa.
