1988 3439
761 295 1024 330 CLAUmts.
1505 312 1577 347 229

204 388 335 422 retur.
376 382 527 436 Quum
552 379 604 422 de
629 378 752 421 laniis
777 394 827 421 ac
853 378 1031 421 vinariis
1055 387 1280 438 ageretur,
1315 380 1571 427 exclamavit

204 460 244 502 in
267 460 401 503 Curia
425 476 433 502 :
473 461 639 519 «Rogo
665 475 761 515 vos,
784 459 881 518 quis
906 468 1044 518 potest
1078 458 1171 502 sine
1197 459 1332 503 offula
1363 463 1533 506 vivere?
1556 484 1574 503 n

200 538 515 600 descripsitque
547 538 862 582 abundantiam
888 549 1079 582 veterum
1117 539 1423 597 tabernarum,
1463 543 1576 586 unde

201 618 352 663 solitus
386 629 496 664 esset
534 620 686 662 vinum
718 618 823 662 olim
858 628 901 662 et
938 619 1028 680 ipse
1060 629 1217 679 petere.
1261 621 1329 663 De
1363 631 1576 680 quaestore

200 699 388 759 quodam
422 698 654 743 candidato
692 699 805 742 inter
833 715 983 743 causas
1017 699 1344 760 suffragationis
1379 717 1465 744 suae
1504 720 1577 762 po-

200 781 306 837 suit,
346 779 503 840 «quod
531 789 653 840 pater
685 780 776 840 ejus
812 779 1013 840 frigidam
1052 796 1168 841 aegro
1204 781 1282 823 sibi
1327 784 1578 841 tempestive

199 859 446 904 dedisset.»
493 859 675 904 Inducta
712 870 818 904 teste
862 861 903 902 in
946 870 1125 914 senatu,
1165 863 1325 917 «Haec,
1350 881 1368 902 »
1411 862 1576 922 inquit,

198 941 382 984 «matris
406 957 513 985 meae
536 939 690 984 liberta
719 950 760 984 et
789 943 982 984 ornatrix
1006 940 1117 984 fuit:
1145 941 1217 984 sed
1246 958 1314 984 me
1343 951 1576 1002 patronum

207 1037 378 1082 semper
414 1022 689 1066 existimavit.
727 1023 822 1065 Hoc
852 1020 948 1065 ideo
981 1021 1089 1078 dixi,
1123 1022 1241 1081 quod
1270 1022 1446 1082 quidam
1478 1033 1575 1066 sunt

198 1101 340 1145 adhuc
367 1103 411 1145 in
441 1101 573 1146 domo
600 1119 723 1159 mea,
765 1104 839 1163 qui
869 1120 936 1146 nie
969 1113 1205 1163 patronum
1243 1119 1328 1145 non
1363 1113 1529 1162 putant.
1559 1125 1576 1142 »

201 1181 286 1226 Sed
312 1191 354 1225 et
375 1199 455 1243 pro
483 1181 714 1238 tribunali,
734 1183 1009 1226 Ostiensibus
1033 1182 1239 1242 quiddam
1267 1182 1436 1243 publice
1453 1199 1578 1226 oran-

200 1262 337 1318 tibus,
364 1280 499 1322 quum
521 1262 848 1318 excanduisset,
879 1284 897 1303 «
918 1262 988 1306 Nil
1013 1263 1173 1306 habere
1196 1280 1259 1318 sc,
1276 1283 1296 1303 >2
1320 1262 1576 1306 vociferatus

201 1352 287 1399 est,
317 1359 484 1403 «quare
513 1359 586 1386 eos
611 1342 914 1386 demereatur:
943 1343 975 1385 si
1001 1360 1129 1403 quem
1150 1342 1306 1398 alium,
1333 1352 1374 1386 et
1398 1359 1442 1386 se
1469 1341 1574 1386 libe-

200 1439 295 1466 rum
322 1439 427 1466 esse.
448 1442 470 1464 2)
494 1424 609 1467 Nam
639 1422 710 1466 illa
733 1424 824 1482 ejus
853 1423 1129 1482 quotidiana,
1158 1433 1201 1466 et
1229 1422 1354 1482 plane
1381 1424 1574 1466 omnium

196 1503 402 1547 horarum
423 1513 464 1547 et
493 1513 819 1547 momentorum
847 1512 997 1558 erant,
1026 1502 1210 1559 «Quid?
1238 1520 1318 1563 ego
1346 1504 1419 1545 tibi
1440 1503 1578 1546 Theo-

199 1585 355 1645 gonius
383 1583 563 1627 videor?
580 1603 600 1624 »
624 1593 690 1637 et,
713 1579 889 1639 «λάλει,
907 1602 971 1626 xxi
998 1581 1063 1640 μή
1092 1579 1328 1635 θίγγανε»
1356 1582 1578 1642 multaque

199 1663 322 1721 talia,
349 1666 479 1708 etiam
515 1664 695 1724 privatis
724 1663 959 1719 deformia,
997 1662 1156 1710 nedum
1186 1664 1395 1723 principi,
1437 1679 1577 1722 neque

199 1744 462 1799 infacundo,
513 1760 655 1803 neque
704 1743 904 1799 indocto,
946 1745 1077 1787 immo
1121 1745 1250 1787 etiam
1298 1744 1578 1804 pertinaciter

203 1823 451 1868 liberalibus
477 1823 631 1868 studiis
655 1824 814 1867 dedito.

262 1907 378 1949 XLI.
416 1905 651 1948 Historiam
686 1905 729 1947 in
763 1904 1076 1957 adolescentia,
1113 1906 1314 1948 hortante
1347 1906 1395 1947 T.
1433 1906 1577 1960 Livio,

199 1984 396 2046 Sulpicio
420 2001 521 2028 vero
545 1984 677 2028 Flavo
700 1991 830 2028 etiam
856 1984 1113 2043 adjuvante,
1138 1984 1324 2028 scribere
1351 2000 1577 2044 aggressus

198 2078 275 2113 est.
304 2071 361 2112 Et
392 2085 526 2128 quum
559 2069 749 2128 primum
779 2066 993 2126 frequenti
1022 2066 1239 2110 auditorio
1269 2066 1576 2119 commisisset,

201 2166 312 2209 :egre
333 2147 534 2209 perlegit,
562 2148 843 2208 refrigeratus
866 2164 977 2208 saepe
997 2164 1019 2190 a
1042 2148 1287 2207 semetipso.
1311 2147 1423 2190 Nam
1442 2162 1576 2205 quum

201 2229 323 2273 initio
349 2229 638 2282 recitationis,
667 2228 867 2270 defractis
891 2226 1192 2286 compluribus
1224 2224 1438 2269 subselliis
1467 2226 1570 2268 obe-

200 2311 325 2351 sitate
348 2306 596 2367 cujusdam,
627 2307 738 2349 risus
761 2315 938 2349 exortus
961 2316 1101 2359 esset3
1140 2323 1192 2349 ne
1223 2306 1371 2349 sedato
1400 2305 1575 2365 quidem

200 2387 389 2432 tumultu
422 2399 664 2447 temperare
702 2388 864 2446 potuit,
901 2387 1006 2444 quin
1045 2403 1093 2428 cx
1133 2384 1359 2428 intervallo
1395 2385 1578 2428 subinde

201 2470 298 2513 facti
327 2468 691 2521 reminisceretur,
719 2467 1043 2525 cachinnosque
1069 2475 1303 2508 revocaret.
1339 2467 1385 2507 ln
1416 2465 1576 2524 princi-

202 2559 303 2610 patu
330 2557 569 2608 qnoque-et
604 2547 775 2607 scripsit
804 2545 1071 2607 plurimum,
1108 2555 1149 2588 vt
1184 2544 1352 2588 assidui·
1380 2545 1575 2587 recitavit

202 2646 278 2690 per
296 2627 514 2672 lectorem.
545 2628 719 2671 Initium
747 2637 891 2670 autem
917 2627 1064 2669 sumsit
1090 2625 1277 2668 historia»
1305 2634 1397 2684 post
1416 2623 1573 2668 caedem

202 2710 377 2753 Caesaris
402 2707 638 2751 dictatoris.
664 2706 746 2750 Sed
775 2717 812 2749 ct
844 2707 1012 2749 transiit
1048 2705 1097 2747 ad
1130 2706 1331 2747 inti-riom
1359 2713 1576 2763 tempora,
