1988 3439
844 264 1017 299 GALBA.
1591 277 1599 297 i
1618 277 1628 299 1

242 349 420 396 libertos
448 352 589 412 pretio
615 348 781 403 addici,
805 358 881 393 ant
910 346 1066 391 donari
1095 348 1233 408 gratia
1260 364 1411 408 passus
1440 358 1500 392 est
1520 384 1529 402 ‚
1560 366 1632 393 ve-

241 431 445 495 ctigalia,
475 433 769 477 immunitates
786 466 796 483 ,
821 445 969 490 poenas
993 429 1319 484 innocentium,
1348 429 1634 489 impunitates

245 514 492 558 noxiorum.
519 512 642 571 Quin
665 512 793 555 etiam
814 545 825 564 ,
849 508 1016 572 populo
1039 525 1224 554 romano
1251 508 1515 570 deposcente
1535 527 1635 572 sup-

242 593 422 657 plicium
452 593 601 639 Haloti
630 603 673 637 et
705 590 936 654 Tigellini,
971 590 1086 635 solos
1117 607 1170 635 ex
1200 590 1409 634 omnihus
1445 593 1635 636 Neronis

240 677 477 721 emissariis
517 674 584 719 vel
632 672 1054 718 maleficentissimos
1095 671 1336 717 incolumes
1380 673 1581 733 praestitit
1626 690 1633 715 :

239 767 373 818 atque
408 758 586 818 insuper
614 754 825 799 Halotum
856 755 1170 816 procuratione
1199 752 1472 814 amplissima
1506 770 1635 798 orna-

239 840 313 883 vit.
332 840 418 883 Pro
431 834 651 899 Tigellino
665 838 798 881 etiam
814 837 988 881 saevitiae
1007 834 1225 897 populum
1241 835 1461 896 increpuit
1474 834 1633 879 edicto.

302 922 426 965 XVI.
448 922 531 964 Per
559 919 651 964 haee
677 935 814 981 prope
839 919 1057 962 universis
1081 917 1312 962 ordinibus
1337 916 1534 974 offensis,
1565 917 1634 961 vel

239 1002 460 1064 praecipua
493 1000 708 1062 flagrabat
738 999 903 1044 invidia
927 998 1046 1061 apud
1074 997 1249 1043 milites.
1275 999 1391 1043 Nam
1423 1015 1560 1059 quum
1592 999 1634 1042 in

239 1083 371 1128 verba
391 1083 486 1144 ejus
504 1083 694 1127 absentis
711 1081 964 1143 jurantibus
989 1081 1248 1125 donativum
1271 1079 1482 1142 grandius
1507 1078 1636 1124 solito

239 1165 461 1226 praepositi
491 1164 885 1226 pronunciassent,
917 1178 1061 1223 neque
1089 1171 1227 1205 ratam
1259 1178 1351 1205 rem
1383 1161 1565 1218 habuit,
1594 1172 1636 1205 et

239 1246 425 1291 subinde
455 1246 666 1307 jactavit,
697 1265 718 1286 «
743 1243 886 1307 legere
916 1260 959 1288 se
987 1242 1200 1299 militem,
1231 1260 1318 1286 non
1354 1259 1498 1286 emere
1531 1260 1636 1287 con-

239 1345 397 1373 suesse.
418 1348 439 1369 »
466 1329 613 1388 Atque
643 1344 694 1370 eo
726 1326 903 1387 quidem
936 1325 1114 1369 nomine
1147 1341 1324 1379 omnes,
1359 1325 1434 1384 qui
1477 1323 1637 1384 ubique

239 1420 391 1464 erant,
418 1409 708 1452 exacerbavit.
736 1410 945 1451 Ceterum
973 1406 1263 1467 praetorianos
1293 1406 1423 1449 etiam
1454 1415 1571 1448 metu
1596 1415 1638 1449 et

241 1490 504 1553 indignitate
529 1490 792 1543 commovit,
823 1504 1057 1532 removens
1085 1487 1270 1531 subinde
1299 1485 1561 1547 plerosque,
1591 1496 1638 1530 ut

238 1582 487 1634 suspectos,
524 1581 568 1616 et
594 1569 857 1632 Nymphidii
893 1569 1047 1613 socios.
1083 1567 1167 1613 Sed
1202 1567 1391 1611 maxime
1425 1567 1639 1612 fremebat

240 1654 476 1715 superioris
503 1651 755 1698 Germaniae
778 1651 1016 1707 exercitus,
1045 1648 1239 1693 fraudari
1270 1665 1315 1692 se
1347 1650 1534 1709 przemiis
1563 1667 1637 1693 na-

240 1745 351 1779 vatae
390 1733 599 1778 adversus
635 1731 786 1777 Gallos
821 1742 863 1775 et
899 1731 1125 1775 Vindicem
1164 1747 1320 1791 operae.
1354 1733 1473 1792 Ergo
1509 1731 1636 1791 primi

241 1815 502 1876 obsequium
543 1831 747 1874 rumpere
781 1814 903 1867 ansi,
940 1811 1134 1856 kalendis
1167 1811 1382 1872 januariis
1414 1811 1530 1872 adigi
1571 1829 1637 1855 sa-

241 1906 493 1951 (ramento,
524 1896 606 1938 nisi
646 1896 686 1937 in
722 1911 882 1937 nomen
916 1903 1111 1949 senatus,
1143 1903 1401 1936 recusarunt
1428 1911 1436 1936 ε
1466 1893 1635 1936 statim-

242 1994 327 2038 que
351 1976 612 2039 legationem
637 1975 689 2019 ad
716 1975 1002 2036 praetorianos
1032 1990 1131 2017 cum
1157 1972 1374 2016 mandatis
1399 1973 1639 2017 destinave-

242 2068 370 2114 runt,
413 2055 690 2118 «displicere
733 2057 1043 2116 imperatorem
1086 2055 1129 2097 in
1168 2054 1378 2114 Hispania
1420 2053 1584 2097 sactum
1628 2072 1635 2096 :

241 2139 446 2202 eligerent
473 2140 579 2200 ipsi,
607 2154 740 2199 quem
766 2136 912 2180 cuncti
942 2136 1157 2180 exercitus
1183 2134 1540 2196 comprobarent.
1562 2156 1581 2175 υ

306 2222 450 2266 XVII.
469 2219 602 2278 Quod
621 2229 666 2263 ut
687 2219 946 2263 nunciatum
970 2226 1058 2273 est,
1083 2215 1306 2277 despectui
1326 2232 1418 2259 esse
1439 2232 1526 2259 non
1550 2226 1636 2258 tam

242 2312 460 2348 senectam
490 2318 640 2356 suam,
665 2317 797 2361 quam
827 2299 1063 2343 orbitatem
1095 2307 1240 2353 ratus,
1268 2297 1469 2341 Pisonem
1503 2298 1635 2358 Frugi

244 2385 548 2439 Licinianum,
589 2380 779 2426 nobilem
823 2380 1140 2442 egregiumque
1180 2380 1416 2438 juvenem,
1460 2395 1510 2421 ac
1556 2378 1636 2421 sibi

243 2465 349 2510 olim
375 2463 731 2526 probatissimum
752 2498 763 2516 ‚
789 2470 1139 2520 testamentoque
1173 2476 1345 2519 semper
1379 2461 1420 2502 in
1452 2459 1568 2502 bona
1597 2469 1637 2502 et

247 2563 406 2591 nomen
434 2545 617 2600 ascitum
636 2579 646 2598 ,
670 2553 849 2605 repente
876 2559 900 2585 e
924 2541 1065 2585 media
1088 2539 1373 2584 salutantium
1401 2539 1530 2582 turba
1559 2556 1637 2599 ap-

249 2626 505 2689 preliendit3
535 2624 758 2685 filiumque
788 2622 1039 2685 appellans,
1073 2620 1272 2683 perduxit
1306 2622 1347 2664 in
1385 2631 1525 2664 castra
1546 2655 1555 2671 ,
1589 2638 1637 2663 ac

249 2725 328 2769 pro
360 2709 572 2753 concione
605 2706 855 2767 adoptavi13
884 2723 936 2748 ne
970 2716 1074 2748 tunc
1111 2702 1287 2763 quidem
1321 2701 1513 2744 donativi
1555 2699 1639 2744 ulla
