1988 3439
640 267 676 300 C.
710 266 882 301 JULIUS
913 266 1093 302 CAESAR.
1541 270 1560 304 3

181 346 354 392 culariis
389 348 571 392 duobus
604 349 717 392 Nam
749 349 929 392 comites
963 364 1197 408 servosque
1233 361 1398 395 ceteros
1434 353 1560 397 initio

181 428 326 471 statim
362 427 417 472 ad
453 426 742 488 expediendas
779 430 1014 489 pecunias,
1051 429 1211 489 quibus
1248 430 1559 490 redimeretur,

180 507 414 552 dimiserat.
433 507 682 551 Numeratis
701 506 857 552 deinde
876 509 1195 570 quinquaginta
1216 509 1410 567 talentis,
1431 529 1562 573 expo-

179 588 284 632 situs
312 587 356 631 in
386 586 540 643 litore,
570 604 661 631 non
691 587 885 644 distulit,
916 589 1022 649 quin
1053 606 1076 633 e
1107 591 1291 651 vestigio
1323 589 1457 635 classe
1490 593 1562 637 de-

179 666 308 711 ducta
338 677 672 728 persequeretur
707 668 944 725 abeuntes3
983 686 1032 713 ac
1069 668 1265 714 redactos
1297 671 1341 714 in
1375 680 1563 732 potesta-

180 757 292 802 tem,
330 746 574 809 supplicio,
613 747 731 808 quod
768 747 852 792 illis
890 765 1001 810 saepe
1036 751 1229 794 minatus
1265 751 1379 795 inter
1411 752 1561 811 jocum

177 826 338 882 fuerat,
360 826 563 872 afficeret.
583 830 797 873 vastante
820 830 1019 890 regiones
1039 831 1261 891 proximas
1282 831 1561 889 Mithridate,

178 922 231 950 ne
250 906 445 952 desidere
462 909 506 951 in
525 908 774 953 discrimine
796 911 1018 954 sociorum
1039 910 1285 967 videretur,
1308 912 1360 955 ab
1378 912 1560 970 Rhodo,

176 1002 263 1045 quo
301 987 608 1048 pertenderat,
648 990 822 1034 transiit
861 991 905 1033 in
941 992 1118 1046 Asiam;
1156 991 1417 1053 auxiliisque
1453 1010 1560 1037 con-

177 1069 345 1122 tractis,
371 1077 414 1112 et
435 1068 638 1129 praefecto
662 1071 776 1132 regis
802 1072 1029 1131 provincia
1052 1071 1254 1132 expulso,
1282 1082 1488 1117 nutantes
1510 1090 1560 1118 ac

176 1145 329 1195 dubias
353 1149 549 1195 civitates
573 1152 754 1194 retinuit
781 1152 826 1195 in
850 1151 948 1196 fide.

236 1230 290 1271 V.
325 1229 570 1274 Tribunatu
604 1231 821 1287 militum,
856 1233 931 1292 qui
963 1233 1130 1292 primus
1163 1236 1351 1277 Romam
1384 1251 1556 1279 reverso

174 1322 251 1367 per
275 1307 480 1369 suffragia
503 1309 654 1370 populi
679 1311 822 1354 honor
847 1312 1025 1372 obtigit,
1049 1323 1248 1357 auctores
1274 1314 1556 1358 restituendae

173 1387 409 1432 tribunitiae
426 1390 671 1449 potestatis,
691 1391 815 1450 cujus
834 1393 920 1434 vim
941 1390 1062 1435 Sulla
1081 1392 1379 1448 deminuerat,
1398 1396 1557 1438 enixis-

172 1467 278 1511 sime
294 1468 422 1528 juvit.
450 1471 500 1514 L.
525 1470 655 1513 etiam
677 1471 851 1524 Cinnae,
872 1473 1020 1516 uxoris
1045 1472 1190 1530 fratri,
1216 1483 1258 1517 et
1282 1475 1356 1534 qui
1381 1490 1480 1518 cum
1504 1491 1555 1519 eo

170 1548 287 1593 civili
324 1549 539 1595 discordia
576 1551 795 1613 Lepidum
834 1554 998 1610 secuti,
1038 1563 1133 1615 post
1173 1571 1323 1599 necem
1364 1555 1554 1601 consulis

168 1627 223 1672 ad
253 1631 841 1757 Sertoriunhfflqgerant,
875 1633 1065 1678 reditum
1097 1635 1140 1678 in
1172 1636 1394 1680 civitatem
1424 1653 1553 1698 roga-

169 1708 287 1753 tione
305 1697 545 1756 Plotia'‘‹‘:61i
564 1721 670 1770 e''1t,
694 1711 936 1776 habuitque
961 1726 1002 1759 et
1028 1716 1120 1777 ipse
1143 1733 1276 1777 super
1301 1733 1351 1761 ea
1376 1735 1422 1761 re
1447 1734 1553 1763 con-

169 1788 351 1833 cionem.

232 1871 308 1914 Vl.
344 1872 549 1929 Quaestor
572 1872 732 1918 Juliam
757 1876 958 1933 amitam,
982 1893 1252 1938 uxoremque
1277 1878 1550 1934 Corneliam,

165 1945 390 1996 defunctas
439 1950 628 1996 laudavit
672 1971 694 1998 e
738 1972 860 1998 more
899 1972 979 2016 pro
1019 1959 1184 2001 rostris.
1226 1961 1281 2003 Et
1325 1961 1368 2003 in
1412 1961 1552 2004 amitae

168 2029 342 2089 quidem
367 2030 638 2089 laudatione,
661 2033 714 2079 de
739 2036 831 2096 ejus
856 2053 906 2081 ac
931 2038 1067 2098 patris
1091 2040 1157 2082 sui
1175 2049 1360 2100 utraque
1380 2041 1550 2101 origine

167 2110 228 2153 sic
252 2110 383 2155 refert
410 2129 420 2155 ε
443 2115 612 2158 Λιηιῖιε
636 2132 746 2160 meae
768 2117 899 2162 salice
921 2129 1166 2164 mammam
1190 2137 1334 2181 genus
1355 2121 1411 2165 al)
1438 2123 1549 2183 regi-

168 2186 248 2231 bus
265 2199 404 2234 ortum
415 2226 428 2246 ,
443 2203 681 2254 paternum
702 2213 800 2241 cum
822 2198 908 2242 diis
929 2199 1250 2244 immortalibus
1267 2201 1546 2260 conjunctam

165 2277 242 2311 est.
271 2271 392 2314 Nam
422 2271 481 2314 ab
510 2275 640 2318 Anco
663 2278 838 2321 Marcio
867 2288 974 2322 sunt
998 2282 1169 2324 slIarcz'c'
1187 2297 1330 2342 reges,
1358 2298 1444 2343 quo
1470 2298 1547 2326 ηο-

165 2351 280 2392 mine
293 2350 397 2408 suit
420 2360 595 2396 mater:
622 2370 650 2396 α
689 2358 737 2397 V
735 2371 859 2400 encre
887 2359 1019 2413 Jalz‘i,
1048 2359 1173 2418 cujus
1197 2363 1342 2421 gentis
1355 2362 1546 2419 familia

163 2437 228 2471 est
254 2439 419 2474 nostra.
453 2433 541 2475 Est
568 2449 671 2494 ergo
700 2437 744 2477 in
770 2451 928 2495 genere
950 2446 1000 2480 ‘et
1023 2441 1238 2483 sanctitas
1263 2457 1442 2500 regum,
1470 2442 1547 2502 qui

158 2507 397 2569 plurimum
425 2514 538 2555 inter·
555 2513 753 2558 homines
768 2515 961 2577 pollent,
989 2526 1033 2561 et
1055 2520 1311 2563 ccerz'monc'a
1335 2520 1514 2564 deorum
1531 2555 1542 2574 ‚

162 2603 346 2649 quorum
373 2592 460 2652 ipsi
484 2596 527 2635 in
547 2603 767 2655 potestczle
790 2606 896 2640 sunt
920 2614 1051 2657 leges.
1082 2600 1129 2641 In
1157 2598 1371 2643 Corneliae
1398 2610 1542 2644 autem

163 2665 307 2712 locum
340 2673 593 2732 Pompeiam
631 2674 781 2731 duxit,
816 2677 873 2733 Q.
910 2680 1103 2739 Pompeii
1136 2679 1294 2735 filiam,
1329 2682 1377 2723 L.
1415 2680 1542 2724 Sullae

1316 2776 1348 2803 1.
