1971 3342
380 272 427 306 92
917 256 956 292 C.
990 256 1228 292 SUETONH

381 339 550 397 schola;
573 356 744 396 verum,
772 348 816 383 ut
844 356 898 382 ne
923 356 1052 399 quem
1077 339 1264 400 amplius
1288 340 1470 400 posthac
1495 338 1761 400 discipulum

381 422 593 481 reciperet
619 438 627 464 :
655 420 892 479 docuitque
914 420 955 463 in
983 419 1094 464 atrio
1116 418 1316 464 Catilinae
1341 419 1521 473 domus,
1545 435 1642 480 quae
1661 435 1763 480 pars

380 500 532 544 Palatii
564 511 667 544 tunc
693 510 808 557 erat,
835 510 876 544 et
897 502 1091 544 sestertia
1118 510 1301 544 centena
1324 501 1368 543 in
1393 517 1557 544 annum
1581 499 1762 561 accepit.

379 582 576 625 Decessit
600 582 735 625 aetatis
758 590 938 638 exacue,
960 581 1039 624 sub
1059 581 1250 625 Tiberio.
1279 583 1476 625 Statuam
1502 580 1634 624 habet
1654 582 1767 624 Prae-

382 671 525 716 neste,
554 663 597 705 in
629 661 833 705 inferiore
864 661 964 705 Fori
992 671 1143 723 parte,
1172 671 1326 705 contra
1354 659 1660 721 hemicyclium
1686 677 1695 703 ε
1720 660 1764 703 in

382 758 470 802 quo
493 742 651 799 fastos,
675 759 699 786 a
726 758 769 786 se
793 741 1045 798 ordinatos,
1068 751 1110 785 et
1131 758 1376 786 marmoreo
1398 742 1553 803 parieti
1580 731 1764 797 incisos,

381 821 640 882 publicarat.

445 905 612 947 XVIII.
648 906 698 947 L,
721 904 981 959 Crassitius‚
1013 920 1173 964 genere
1204 903 1494 959 Tarentinus,
1522 901 1689 946 ordinis
1718 900 1767 945 li·

382 984 565 1039 bertini,
603 983 864 1043 cognomine
900 982 1112 1040 Pasicles,
1148 1000 1251 1027 mox
1282 985 1467 1026 Pansam
1497 998 1541 1026 se
1566 991 1767 1025 transno-

383 1064 580 1107 minavit.
616 1064 698 1107 Hic
724 1064 850 1107 initio
875 1064 988 1107 circa
1017 1080 1191 1107 scenam
1220 1073 1419 1107 versatus
1443 1072 1532 1117 est,
1556 1062 1659 1106 dum
1683 1063 1767 1105 mi·

383 1143 649 1204 mographos
688 1141 868 1203 adjuvat
895 1160 904 1186 :
933 1141 1089 1186 deinde
1128 1144 1171 1186 in
1206 1142 1387 1204 pergula
1414 1142 1592 1199 docuit,
1630 1142 1769 1186 donec

388 1224 704 1267 commentario
733 1225 930 1284 Smyrnae
957 1222 1076 1267 edito
1109 1222 1218 1267 adeo
1245 1221 1471 1279 inclaruit,
1510 1233 1558 1267 ut
1592 1223 1683 1267 haec
1719 1222 1771 1266 de

384 1321 434 1347 eo
459 1304 756 1348 scriberentur
781 1321 790 1347 :

510 1415 587 1452 Uni
607 1414 786 1451 Crassitio
809 1427 847 1450 se
873 1415 1025 1450 credere
1051 1416 1208 1462 Smyrna
1229 1415 1429 1462 probavit:

562 1477 752 1522 Desinite,
777 1477 942 1521 indocti,
964 1477 1143 1524 conjugio
1163 1477 1261 1512 hanc
1290 1484 1428 1524 petere.

513 1539 593 1575 Soli
613 1539 790 1574 Crassitio
814 1551 852 1573 se
879 1538 975 1573 dixit
999 1538 1142 1573 nubere
1161 1539 1282 1572 velle:

569 1601 704 1635 Intima
731 1600 790 1635 cui
812 1600 882 1635 soli
904 1606 993 1635 nota
1018 1612 1079 1634 sua
1102 1599 1327 1635 exstiterint.

384 1709 469 1755 Sed
489 1725 625 1769 quum
650 1706 850 1750 edoceret
867 1706 957 1767 jam
979 1704 1142 1749 multos
1164 1722 1213 1748 ac
1232 1704 1399 1749 nobiles
1415 1739 1426 1761 ,
1449 1706 1492 1748 in
1513 1706 1581 1749 his
1603 1705 1769 1750 Julium

386 1790 630 1836 Antonium
648 1822 659 1843 ‚
688 1787 906 1830 triumviri
934 1785 1094 1841 filium,
1136 1795 1185 1829 ut
1210 1786 1370 1829 Verrio
1404 1801 1581 1845 quoque
1616 1785 1772 1831 Flacco

385 1878 743 1932 compararetur,
782 1867 958 1911 dimissa
996 1877 1175 1928 repente
1217 1864 1394 1923 schola,
1428 1867 1602 1911 transiit
1635 1866 1690 1911 ad
1715 1868 1770 1925 Q.

386 1952 521 1996 Sextii
545 1948 797 2011 philosophi
823 1957 997 1992 sectam.

448 2033 572 2076 XIX.
613 2029 866 2074 Scribonius
900 2027 1216 2088 Aphrodisius,
1251 2026 1411 2071 Orbilii
1447 2043 1599 2072 servus
1642 2038 1774 2089 atque

389 2110 653 2172 discipulus,
691 2126 794 2153 mox
834 2125 858 2152 a
897 2108 1152 2165 Scribonia⁷
1180 2108 1361 2151 Libonis
1394 2106 1502 2165 filia,
1529 2125 1626 2168 quae
1651 2109 1773 2169 prior

387 2192 573 2253 Augusti
598 2206 709 2234 uxor
738 2189 906 2245 fuerat,
933 2187 1154 2232 redemtus
1179 2198 1221 2232 et
1250 2189 1569 2245 manumissus,
1600 2189 1772 2246 docuit,

386 2290 475 2334 quo
497 2272 681 2317 Verrius
701 2305 712 2323 ‚
738 2280 954 2330 tempore,
985 2270 1109 2330 cujus
1134 2270 1264 2313 etiam
1291 2268 1411 2313 libris
1435 2269 1491 2314 de
1516 2270 1772 2331 Ortlzogm-

381 2354 495 2416 plzt'a
516 2351 765 2412 rescripsit,
788 2367 873 2394 non
898 2351 989 2394 sine
1010 2351 1293 2394 insectatione
1313 2349 1558 2393 studiorum
1582 2366 1774 2393 morum-

387 2451 471 2494 que
493 2434 601 2493 ejus.

451 2515 548 2557 XX.
573 2515 622 2558 C.
646 2512 787 2557 Julius
814 2512 1033 2573 HyginuS‚
1058 2512 1244 2572 Augusti
1272 2510 1475 2568 libertus⁷
1501 2511 1677 2554 natione
1697 2512 1773 2554 Hi-

390 2611 550 2655 spanus
571 2593 675 2656 (etsi
699 2592 898 2637 nonnulli
921 2591 1265 2636 Alexandrinum
1292 2601 1469 2653 putant,
1492 2601 1535 2634 et
1554 2608 1577 2634 a
1600 2592 1771 2635 Caesare

392 2691 576 2735 puerum
602 2677 787 2718 Romam
811 2674 1040 2718 advectum
1057 2708 1067 2728 ,
1094 2672 1357 2717 Alexandria
1382 2671 1556 2732 capta),
1578 2671 1771 2715 studiose
