1988 3407
621 252 674 287 IN
706 251 818 286 ocT.
845 250 1144 286 AUGUSTUM.
1519 265 1531 286 1
1544 252 1588 297 73

178 338 233 371 καὶ
258 339 291 370 ἐκ
314 342 375 370 τῶν
399 337 618 382 ἐξελευθέρων,
640 336 730 373 &muz
757 331 892 370 ἐδυνήθη
909 360 917 374 ,
944 333 1097 372 κατέλεξε
1113 360 1120 369 ,
1150 333 1205 365 καὶ
1239 334 1323 371 εὐθὺς
1352 332 1482 380 σπουδῇ
1505 337 1590 381 μετὰ

178 414 233 433 του
251 398 398 446 Τιὲερίου
421 402 452 439 ἐς
472 401 528 436 τὴν
551 398 734 444 Γερμανίαν
752 396 891 442 ἔπεμῷε.

236 458 411 492 Indiczos.
442 456 635 505 Intellige,
665 467 786 503 quum
817 453 1035 498 indixisset,
1075 465 1142 488 seu
1176 452 1464 500 praescripsisset
1496 464 1593 503 quot

179 532 338 555 numero
358 519 495 555 milites
516 519 562 554 de
586 517 701 553 servis
721 517 797 553 suis
818 516 970 561 darent,
997 521 1040 550 ut
1061 516 1213 565 Veget.,
1243 515 1310 550 ubi
1333 527 1415 563 sup.
1429 544 1439 562 ,
1462 529 1475 551 1
1490 544 1499 561 ,
1531 531 1549 562 7
1582 533 1589 557 :

179 598 192 613 a
209 584 310 617 Dum
330 581 615 630 possessoribus
638 579 774 615 indicti
793 579 949 614 tirones.
972 594 986 609 n

235 645 309 680 Sub
334 646 463 695 priore
481 644 636 680 vexillo.
670 643 728 678 De
752 641 975 687 vexillariis,
996 640 1083 676 vide
1105 642 1295 686 Enmzs‘r„
1321 641 1371 677 ad
1390 641 1530 686 Tacit.,
1559 649 1595 677 et

179 709 295 744 Suu.
312 737 322 753 ‚
341 709 390 743 de
418 709 471 743 Re
490 707 626 750 milit„
656 718 687 742 c.
707 718 799 751 xix,
828 705 866 740 in
902 706 1009 740 Thes.
1036 705 1184 748 Groew,
1205 712 1231 740 t.
1253 717 1298 750 x,
1325 717 1364 753 p.
1391 710 1503 750 1427.

236 771 432 820 Caligatz's.
457 771 504 807 H.
527 782 557 805 e.
579 768 760 818 gregariis
779 767 974 804 militibus.

237 834 405 869 Coeruleo
432 833 589 869 vexillo.
620 833 704 868 Hoc
729 831 870 867 vexillo
901 831 951 866 ob
983 830 1183 866 victoriam
1209 843 1288 865 non
1321 830 1502 875 siculam,
1529 829 1596 865 sed

180 896 360 932 actiacam
380 896 566 932 donatum
580 895 791 945 Agrippam
807 894 920 930 docet
933 894 1008 930 Dio
1019 921 1028 938 ‚
1043 906 1080 928 Ll
1093 921 1102 938 ‚
1116 905 1153 941 p.
1173 892 1246 936 458
1261 908 1270 939 ;
1283 900 1372 941 post
1383 894 1528 929 bellum
1541 892 1595 928 si-

181 960 310 994 culum
323 971 463 994 corona
478 959 631 1001 navali,
649 964 730 993 test.
752 956 838 993 eod.
854 956 970 992 Dion.
983 985 993 1002 ,
1013 968 1125 1001 xLIX‚
1146 962 1183 990 et
1194 955 1290 991 Vell.
1304 984 1315 1002 ,
1326 967 1376 1002 11,
1399 954 1460 991 81.
1475 954 1595 990 Vide-

182 1029 248 1057 tur
268 1021 386 1070 igitur
404 1028 608 1069 utramque
628 1033 709 1056 rem
729 1019 949 1056 confudisse
969 1018 1196 1064 Suetonius,
1209 1025 1389 1054 monente
1402 1018 1456 1054 Cl.
1480 1019 1595 1053 Hase.

235 1085 368 1123 Σπεῦδε
394 1086 553 1135 ἔραὸέως,
577 1083 671 1118 Gell.
686 1115 694 1123 ,
715 1094 760 1127 x,
787 1095 800 1116 1
814 1095 844 1116 1.
871 1081 1046 1117 Macrob.
1061 1109 1070 1125 ‚
1093 1081 1173 1116 Sat.
1194 1092 1258 1124 V1‚
1281 1080 1302 1114 8
1333 1092 1341 1114 ε
1364 1095 1383 1112 α
1404 1079 1506 1115 Illud
1525 1080 1596 1115 Ni-

181 1146 379 1196 gidianum
398 1145 455 1181 rei
479 1152 594 1193 atque
616 1144 724 1180 verbi
738 1150 1080 1192 temperamentum
1100 1141 1211 1178 divus
1233 1143 1428 1190 Augustus
1446 1141 1598 1177 duobus

182 1209 312 1259 graecis
331 1208 529 1244 vocabulis
557 1207 832 1256 elegantissime
855 1206 1117 1254 exprimebat3
1147 1217 1235 1239 nam
1258 1211 1294 1239 et
1314 1203 1442 1239 dicere
1461 1203 1501 1238 in
1523 1216 1598 1238 scr-

182 1272 362 1309 monibus
381 1279 417 1307 et
441 1271 607 1307 scribere
620 1270 658 1306 in
679 1269 850 1318 epistolis
864 1268 1018 1305 solitum
1038 1280 1116 1303 esse
1132 1267 1256 1312 aiunt,
1278 1268 1409 1305 Σπεῡὸε
1437 1267 1596 1316 βραδέως,

183 1349 253 1385 per
275 1334 384 1384 quod
412 1334 616 1379 monebat,
638 1340 681 1368 ut
701 1332 749 1368 ad
770 1345 850 1368 rem
871 1331 1057 1380 agendam
1083 1329 1192 1366 simul
1217 1329 1465 1364 adhiberetur
1486 1335 1523 1363 et
1547 1329 1599 1362 ιἠ-

188 1399 347 1434 dustrioe
366 1398 542 1433 celeritas
556 1403 596 1431 et
611 1396 820 1443 dc'lclgencioe
841 1394 1004 1429 tarditas
1017 1421 1027 1436 ,
1058 1392 1199 1440 quibus
1221 1391 1377 1428 duobus
1400 1390 1598 1427 contrariis

185 1460 225 1495 fut
246 1460 459 1496 maturitas.

239 1523 403 1574 Ᾱσφαλῆς,
431 1519 622 1570 Polynicis
648 1521 766 1556 verba
794 1519 899 1567 apud
917 1519 1113 1566 Euripid.,
1133 1518 1173 1553 in
1191 1518 1403 1561 Phoem'ss.‚
1426 1530 1460 1552 v.
1483 1518 1573 1552 602.

242 1586 337 1622 CAP.
365 1584 509 1621 XXVI.
543 1583 731 1617 Vicesimo
759 1582 890 1616 oetatis
918 1595 1031 1616 anno.
1064 1582 1180 1627 Vell.‚
1204 1594 1260 1626 11,
1285 1578 1334 1616 65
1357 1593 1365 1615 :
1387 1596 1402 1611 «
1419 1579 1602 1615 Consula-

185 1655 345 1696 tumque
364 1646 450 1682 iniit
467 1646 588 1682 Caesar
599 1644 724 1693 pridie
737 1657 851 1692 quam
865 1644 1001 1692 viginti
1012 1656 1131 1679 annos
1144 1643 1338 1691 impleret,
1359 1655 1382 1678 x
1401 1642 1475 1678 kal.
1497 1647 1602 1677 octo-

185 1711 282 1756 bris,
303 1723 390 1747 cum
417 1710 562 1756 collega
581 1710 627 1753 Q.
649 1708 768 1744 Pedio
781 1737 790 1754 ,
812 1715 900 1756 post
920 1707 1066 1743 Urbem
1087 1706 1280 1742 conditam
1307 1705 1415 1742 annis
1435 1717 1565 1741 Dccxl.
1581 1721 1599 1737 ι)

241 1774 457 1820 fllc'ssisque.
487 1771 583 1816 Dio,
614 1783 731 1815 XLVI,
763 1771 840 1816 319
875 1783 882 1805 t
915 1773 1072 1821 Πρεσὲεἶς
1095 1777 1172 1821 πρὸς
1195 1776 1252 1811 τὴν
1284 1772 1398 1811 ῧουλῆν
1435 1773 1466 1814 ἐξ
1496 1775 1600 1807 αὐτῶν

189 1847 251 1875 τῶν
279 1845 491 1887 στρατιωτῶν
514 1838 742 1884 τετρακοσίους
771 1838 917 1883 ἔπεμψε,
943 1839 1068 1871 ὕπατον
1096 1837 1256 1881 Καίσαρα.
1283 1833 1523 1880 ἀποδειχθῆναι
1545 1849 1598 1868 κε-

188 1905 349 1943 λεύοντας-

244 1959 528 2008 Nonfecerz'tc's.
551 1958 649 2004 Dio,
676 1958 793 2003 ibid„
822 1959 929 1993 aliter
956 1970 966 1993 ε
999 1963 1067 1996 Καὶ
1097 1957 1138 2000 εἷς
1165 1961 1212 2000 τὶς
1241 1963 1347 1994 αὐτῶν
1371 1960 1480 2000 ἐξῆλθέ
1504 1973 1541 1992 τε
1570 1960 1604 1991 ἐκ

190 2035 246 2064 τοῦ
273 2027 515 2074 ἕουλευτηριέυ,
534 2027 591 2061 καὶ
611 2029 648 2061 τὸ
672 2028 756 2073 ξίφες
775 2025 902 2060 >agui-f
924 2027 1041 2060 ἄοπλοι
1060 2026 1121 2071 γὰρ
1148 2025 1414 2060 eloam-‘aenam‘
1439 2022 1548 2067 ἣψατό
1566 2035 1603 2054 τε

193 2094 291 2126 αὐτοῦ
303 2090 360 2125 καὶ
375 2087 480 2125 εἷπεν“
496 2091 544 2123 ὅτι
558 2089 594 2122 ἂν
611 2091 701 2136 ὑμεῖς
714 2091 771 2127 τὴν
787 2089 950 2123 ὑπατείαν
967 2090 1012 2134 μὴ
1027 2085 1116 2121 δῶτε
1130 2083 1176 2131 τῷ
1190 2086 1356 2131 Καίσαρι,
1374 2089 1470 2118 τοῦτο
1490 2080 1603 2116 δώσει.

245 2149 457 2185 Secundum
485 2149 733 2183 consulatum.
757 2149 802 2182 A.
824 2148 871 2183 U.
896 2159 967 2192 721
981 2175 991 2192 ,
1012 2158 1098 2181 cum
1118 2146 1161 2180 L.
1182 2142 1345 2179 Vocatio
1369 2142 1494 2178 Tullo.

255 2212 433 2246 Tertium.
456 2214 496 2245 A.
526 2211 572 2246 U.
597 2210 673 2255 723
689 2237 699 2254 ,
723 2222 819 2245 cum.
843 2210 896 2244 M.
920 2208 1071 2244 Valerio
1093 2207 1253 2243 Messala
1273 2204 1454 2241 Corvino.

250 2274 530 2310 Duodecimum.
559 2276 600 2308 A.
623 2273 670 2309 U.
701 2277 799 2320 749,
826 2284 912 2306 cum
938 2273 979 2307 L.
1005 2271 1119 2306 Sulla.

254 2338 415 2372 Tertium
442 2331 643 2374 decimum.
670 2337 713 2370 A.
735 2336 783 2370 U.
801 2333 888 2379 752.

250 2400 360 2436 Suo...
383 2399 420 2434 in
431 2397 580 2446 sorum.
602 2400 655 2434 Ut
676 2405 807 2446 togam
826 2396 975 2431 virilem
994 2396 1039 2431 iis
1060 2395 1192 2431 daret:
1216 2395 1352 2428 tirones
1375 2393 1474 2428 enim
1502 2399 1607 2427 erant

197 2462 265 2510 qui
288 2462 385 2497 hanc
406 2467 534 2510 togam
561 2460 774 2497 sumebant.

254 2525 388 2561 Gessit.
412 2524 473 2560 Ab
493 2515 538 2560 Α.
565 2525 614 2560 U.
638 2522 712 2568 726
735 2535 856 2571 usque
882 2522 931 2558 ad
962 2522 1048 2567 731.

249 2588 364 2623 Jovis.
386 2587 595 2623 Consulare
615 2598 762 2622 sacrum
780 2592 824 2621 ut
843 2585 1002 2631 faceret,
1029 2596 1076 2620 ex
1100 2596 1207 2619 more
1234 2583 1445 2619 consulum.

254 2651 353 2686 Allo.
375 2649 524 2697 Nempe
554 2647 743 2692 Antoni03
765 2647 827 2684 alii
853 2648 1040 2683 Autronio
1074 2647 1206 2690 Paeeo,
1231 2644 1373 2694 quibus
1406 2642 1605 2679 assentitur

201 2712 409 2761 Schweigh.
438 2712 475 2747 in
497 2711 660 2760 Appian.
679 2739 688 2756 ,
712 2713 815 2759 Illyr.
839 2711 899 2746 28.
