1988 3439
446 239 484 273 C.
514 239 746 276 SUETONII
777 241 1025 279 OCTAVIUS
1047 247 1324 286 AUGUSTUS.
1533 253 1575 289 51

195 329 287 363 tuin
310 319 408 364 fecit
423 356 433 374 ‚
458 322 631 366 AEmilio
653 325 773 384 Papo
798 325 1074 387 imperatore.
1096 334 1216 376 Avus
1237 337 1580 398 municipalibus

195 402 452 463 magisteriis
476 414 736 461 contentus,
764 407 1019 454 abundante
1044 414 1337 473 patrimonio,
1367 421 1580 482 tranquil-

193 481 354 529 lissime
378 487 535 530 senuit.
563 487 648 530 Sed
671 488 762 533 haec
780 489 868 535 alii.
892 494 991 553 Ipse
1014 496 1237 556 Augustus
1260 499 1367 543 nihil
1393 501 1580 563 amplius

192 581 323 625 quam
353 568 544 628 equestri
570 567 735 614 familia
760 582 907 617 ortum
938 591 982 619 se
1010 577 1179 634 scribit,
1208 589 1355 624 vetere
1383 598 1432 625 ac
1461 582 1579 628 loeu-

191 646 328 707 plete‚
350 657 391 692 et
415 648 460 692 in
480 665 566 710 qua
588 652 757 712 primus
778 666 956 700 senator
975 668 1100 718 pater
1122 676 1225 704 suus
1247 660 1394 706 fuerit.
1414 665 1476 706 M.
1498 667 1581 709 An·

189 730 336 774 tonius
367 729 621 777 libertinum
651 735 690 778 ei
724 752 938 796 proavum
970 741 1230 800 exprobrat,
1264 744 1526 800 restionem,
1558 763 1580 789 e

189 826 303 871 pago
327 811 527 858 Thurino
554 832 562 858 :
589 831 721 860 avum
746 820 1060 878 argentarium.
1086 823 1179 866 Nec
1201 824 1439 885 quiequam
1465 826 1579 871 ultra

188 890 241 935 de
264 894 456 952 paternis
481 898 668 957 Augusti
695 899 936 959 majoribus
964 904 1120 964 reperi.

252 975 332 1018 ΙΠ.
369 977 419 1020 C.
447 978 656 1022 Octavius
690 989 837 1040 pater,
872 999 896 1026 a
931 984 1148 1046 principio
1183 988 1346 1044 aetatis,
1382 999 1424 1033 et
1458 1006 1505 1033 re
1537 1000 1578 1034 et

187 1055 510 1102 existimatione
550 1076 712 1122 magna
752 1062 833 1107 fuit
878 1081 887 1107 z
930 1075 979 1108 ut
1019 1066 1222 1127 equidem
1261 1071 1420 1128 mirer,
1460 1071 1578 1116 hune

187 1151 363 1196 quoque
381 1153 405 1181 a
424 1138 650 1185 nonnullis
675 1146 998 1204 argentarium,
1020 1157 1152 1208 atque
1176 1150 1307 1193 etiam
1332 1151 1446 1195 inter
1469 1152 1579 1195 divi-

187 1231 306 1259 sores
348 1233 591 1280 operasque
632 1234 925 1283 campestres,
969 1227 1210 1287 proditum.
1250 1230 1421 1293 Amplis
1461 1233 1578 1277 enim

189 1295 431 1342 innutritus
452 1300 630 1360 opibus,
657 1302 848 1348 honores
874 1316 917 1349 et
940 1307 1124 1369 adeptus
1147 1320 1211 1354 est
1234 1310 1378 1369 facile,
1401 1323 1443 1357 et
1464 1331 1581 1375 egre-

187 1377 256 1437 gie
297 1377 633 1425 administravit.
678 1385 743 1427 Ex
789 1394 980 1445 praetura
1021 1390 1331 1435 Macedoniam
1370 1396 1550 1439 sortitus
1566 1431 1578 1453 ,

187 1456 416 1519 fugitivos,
439 1461 662 1506 residuam
684 1464 879 1525 Spartaci
904 1477 946 1511 et
971 1468 1170 1514 Catilinae
1192 1489 1373 1517 manum
1389 1510 1400 1529 ,
1423 1476 1580 1519 Thuri-

187 1554 293 1582 num
320 1556 475 1601 agrum
502 1551 720 1602 tenentes,
749 1546 792 1589 in
824 1548 983 1593 itinere
1011 1549 1195 1608 delevit,
1221 1555 1400 1615 negotio
1426 1557 1507 1600 sibi
1534 1558 1578 1600 in

188 1630 341 1664 senatu
372 1632 495 1667 extra
522 1623 723 1670 ordinem
749 1627 865 1672 dato.
896 1632 1139 1676 Provincia}
1168 1635 1342 1694 praefuit
1372 1654 1460 1680 non
1494 1639 1578 1681 mi-

188 1717 294 1745 nore
313 1702 485 1763 justitia
511 1722 640 1765 quam
670 1707 944 1755 fortitudine.
971 1713 1172 1775 Namque
1197 1717 1337 1760 Bessis
1362 1734 1413 1760 ac
1436 1718 1578 1762 Thra-

188 1781 310 1826 cibus
331 1800 491 1845 magno
511 1786 666 1846 proelio
684 1788 812 1846 fusis,
833 1792 891 1835 ita
910 1794 1049 1838 socios
1073 1797 1298 1851 tractavit,
1315 1808 1364 1841 ut
1385 1799 1578 1860 epistolae

189 1863 251 1906 M.
283 1863 418 1908 Tullii
446 1867 672 1913 Ciceronis
700 1881 898 1928 exstent,
929 1875 1088 1934 quibus
1119 1878 1341 1935 Quintum
1371 1880 1577 1938 fratrem,

189 1943 341 1988 eodem
361 1954 556 2007 tempore
574 1966 730 2010 parum
748 1953 939 1997 secunda
954 1953 1067 1999 fama
1086 1958 1448 2018 proconsulatum
1466 1962 1580 2005 Asiae

190 2023 593 2086 administrantem,
620 2029 826 2075 hortatur
848 2043 891 2077 et
915 2046 1085 2092 monet,
1113 2038 1310 2083 imitetur
1334 2040 1378 2083 in
1402 2057 1579 2100 prome-

190 2105 337 2149 rendis
366 2109 492 2152 sociis
519 2111 713 2155 vicinum
743 2129 870 2157 suum
900 2117 1150 2160 Octavium.

254 2188 330 2230 IV.
367 2189 596 2235 Decedens
616 2193 895 2250 Macedonia,
918 2198 1173 2259 priusquam
1197 2202 1395 2261 profiteri
1418 2221 1462 2248 se
1480 2222 1581 2249 can-

193 2265 393 2311 didatum
425 2270 678 2315 consulatus
713 2286 883 2333 posset,
915 2289 1103 2323 mortem
1133 2281 1241 2326 obiit
1271 2287 1548 2344 repentinam
1567 2321 1578 2343 ,

193 2349 504 2408 superstitibus
524 2349 689 2405 liberis,
710 2356 895 2398 Octavia
915 2359 1098 2417 majore,
1120 2378 1250 2421 quam
1270 2380 1322 2407 ex
1339 2366 1579 2422 Ancharia,

192 2437 233 2471 et
259 2429 442 2473 Octavia
469 2431 661 2486 minore,
686 2433 789 2477 item
813 2438 1036 2496 Augusto,
1064 2456 1174 2499 quos
1199 2460 1250 2485 ex
1279 2445 1377 2487 Atia
1404 2444 1578 2489 tulerat.

193 2510 291 2553 Atia
319 2512 380 2554 M.
414 2513 513 2555 Atio
542 2512 676 2557 Balbo
705 2525 747 2558 et
773 2515 910 2574 Julia,
942 2535 1092 2563 sorore
1120 2524 1167 2566 C.
1199 2526 1406 2582 Caesaris,
1434 2528 1581 2587 genita

194 2600 270 2634 est.
302 2589 502 2648 Balbus,
521 2603 699 2654 paterna
731 2598 865 2658 stirpe
897 2602 1125 2658 Aricinus,
1157 2604 1304 2648 multis
1339 2607 1382 2649 in
1416 2606 1579 2651 familia

195 2673 426 2717 senatoriis
443 2674 725 2735 imaginibus,
741 2696 762 2722 a
780 2691 918 2725 matre
932 2685 1145 2744 Magnum
1162 2688 1420 2748 Pompeium
1435 2691 1582 2733 arctis-

1345 2771 1385 2817 l..
