1988 3407
615 268 668 302 IN
699 266 809 302 OCT.
840 266 1133 302 AUGUSTUM.
1493 281 1562 304 ποι

231 347 317 382 Cn.
344 346 546 381 LXXXII.
573 345 718 393 Pingui.
751 343 835 380 Scil.
858 342 1032 378 crassiori
1054 341 1118 378 filo
1140 352 1356 392 compacta,
1376 352 1417 381 ut
1438 346 1475 381 in
1497 348 1568 382 Ju-

174 409 315 453 venal.,
342 420 399 450 lx.
421 406 469 442 28
491 421 498 441 :

505 537 512 543 .
528 535 535 543 .
552 537 559 543 .
574 535 581 543 .
600 511 735 552 Pingues
748 509 918 552 aliquando
936 510 1075 542 lacernas

318 567 517 600 Munimenta
534 573 623 609 togae.

230 690 428 727 Subucula.
455 687 577 725 Vestis
597 688 694 724 linea
713 699 828 735 quam
856 688 1054 737 gestabant
1071 689 1143 724 sub
1164 689 1311 725 tunicis.

229 753 407 801 Egelida.
435 751 482 788 H.
505 763 535 786 e.
569 749 717 798 tepida,
736 762 823 786 nam
843 749 1031 797 particula
1057 764 1077 786 e
1105 751 1296 787 interdum
1328 750 1489 787 intendit
1518 751 1570 786 si—

173 813 453 863 gnificationem
467 842 476 859 ‚
496 811 686 848 interdum
710 811 877 848 remittit.

226 877 458 925 Albulisque.
491 875 607 920 Plin.,
632 876 680 910 H.
712 875 785 919 N.,
808 887 926 921 xxx1,
955 887 975 910 2
1010 888 1017 908 ε
1052 877 1198 911 «Juxta
1227 877 1388 912 Romam
1420 876 1570 911 Albuloe

171 951 284 987 aquoe
300 938 523 974 vulneribus
541 937 744 973 medentur
764 950 772 972 :
795 937 950 986 egelidae
972 937 1038 972 hae.
1062 954 1076 969 »

223 1002 366 1049 Le'gneo
392 1001 502 1036 solio-
527 1000 644 1047 Quod
675 1000 814 1036 dicitur
834 1001 872 1035 in
897 999 1048 1036 laudem
1071 1001 1248 1049 Augusti,
1271 1014 1357 1037 nam
1380 1002 1568 1051 tempori-

170 1063 242 1099 bus
267 1062 340 1099 illis
359 1070 535 1112 argentea
555 1061 696 1098 fiebant
718 1063 938 1098 balnearum
970 1063 1083 1098 solia.
1104 1063 1221 1108 Plin.,
1242 1064 1288 1098 H.
1319 1065 1388 1107 N,
1414 1076 1545 1099 xxxrn
1559 1093 1568 1108 ‚

177 1137 221 1160 12
249 1138 257 1160 :
279 1140 294 1156 (ι
317 1113 443 1170 Quum
465 1124 610 1160 feminae
630 1125 803 1160 laventur
819 1131 857 1160 et
874 1124 947 1160 nisi
972 1133 1149 1175 argentea
1167 1125 1260 1161 solia
1280 1125 1482 1161 fastidiant.
1502 1142 1516 1156 »

227 1188 314 1223 cip,
348 1188 568 1223 LXXXIII.
602 1187 912 1236 Folliculumque.
944 1187 1022 1223 Pila
1063 1195 1143 1223 erat
1180 1187 1318 1233 minor,
1354 1188 1570 1236 pugnisque

173 1249 410 1297 ejiciebatur,
429 1256 467 1286 et
484 1249 807 1298 pugillarclssollis
828 1250 1037 1285 dicebatur.
1053 1251 1173 1286 Plaut.
1187 1279 1196 1295 ‚
1211 1251 1324 1294 Ruta,
1350 1264 1395 1286 111
1410 1279 1418 1295 ‚
1441 1257 1480 1296 4,
1500 1251 1568 1288 16:

316 1399 324 1405 .
340 1399 349 1405 .
369 1398 376 1405 .
398 1398 406 1405 .
427 1374 593 1416 Extemplo
613 1374 718 1405 hercle
737 1379 768 1404 te
788 1373 894 1405 follem
909 1373 1142 1416 pugillatorium

312 1429 447 1461 Faciam.

225 1549 417 1585 Extremis
436 1549 581 1596 spatiis.
610 1548 729 1584 intell.
755 1548 826 1583 sub
851 1546 966 1583 finem
989 1549 1267 1585 ambulationis.

228 1612 421 1647 Ocellatis.
442 1610 618 1646 Globulis
636 1611 695 1646 vel
715 1609 894 1658 lapideis,
911 1612 968 1646 vel
981 1605 1175 1656 eburneis,
1197 1613 1337 1660 quibus
1359 1613 1570 1648 olimludc—

172 1675 266 1710 bant
281 1674 427 1722 puellae.

228 1735 475 1784 Nucibusque.
508 1735 678 1771 Nucibus
708 1735 838 1771 ludere
869 1736 1041 1772 solebant
1072 1737 1208 1784 pueri,
1240 1744 1277 1772 ct
1313 1750 1423 1772 nuces
1451 1738 1568 1772 relin-

172 1809 286 1847 quere
321 1797 416 1834 seria
447 1797 635 1843 tracturi,
668 1798 745 1844 jam
782 1804 888 1834 aetate
923 1798 1147 1846 grandiores
1179 1799 1415 1834 dicebantur.
1446 1802 1570 1844 Pers.‚

171 1872 206 1905 1,
239 1870 284 1896 ιο
305 1871 315 1896 :

318 1990 326 1998 .
343 1989 353 1999 .
371 1991 379 1998 .
398 1991 407 1998 .
424 1968 463 1998 Et
482 1966 615 1998 nucibus
632 1966 763 1998 facimus
778 1977 985 2010 quaecumque
1004 1966 1132 1998 relictis.

229 2087 314 2123 Cn.
337 2087 559 2123 LXXXIV.
585 2088 790 2122 Graviores.
814 2087 861 2122 H.
883 2098 914 2121 e.
935 2085 1120 2134 gravioris
1139 2086 1332 2121 momenti.

229 2148 440 2185 Phonasco.
475 2148 552 2195 Qui
581 2149 621 2184 in
658 2149 832 2185 oratione
858 2148 1033 2184 tollendae
1069 2149 1128 2183 vel
1157 2148 1431 2184 summittendae
1468 2149 1571 2184 vocis

174 2211 322 2260 regulas
341 2211 527 2247 edoceret.
554 2213 612 2247 De
629 2212 825 2259 phonasco
850 2213 974 2247 Varro
994 2211 1096 2259 apud
1115 2211 1236 2257 Non„
1260 2224 1313 2256 11,
1335 2211 1410 2248 826
1433 2224 1440 2245 :

318 2333 500 2366 Phonascus
518 2345 603 2374 sum,
623 2334 773 2377 vocisque
791 2334 1031 2367 suscitabulum.

319 2390 588 2433 Cantantiumque
608 2391 704 2433 gallus
719 2390 918 2433 gallinaceus.

229 2507 314 2543 CAP-
334 2507 536 2544 LXXXV.
553 2509 926 2558 Adplcilosophiam.
940 2509 1048 2546 Philo
1070 2510 1140 2557 leg.
1156 2509 1202 2543 ad
1218 2508 1367 2553 Caium,
1387 2522 1423 2555 p.
1443 2508 1539 2543 1036
1562 2521 1568 2542 :

176 2568 205 2608 ὁ
227 2579 379 2615 *recob-tc:
395 2577 526 2622 ἡγεμὼν
546 2576 635 2610 κατὰ
655 2578 839 2623 φιλοσοφίαν
862 2575 988 2617 owe-fx
1006 2575 1161 2622 δεύτερες.

229 2632 288 2666 De
305 2633 385 2668 vita
406 2646 488 2668 sua.
510 2633 557 2669 Hi
577 2640 664 2668 sunt
683 2634 952 2670 commentarii
972 2646 1070 2682 quos
1091 2635 1180 2668 citat
1199 2634 1386 2669 Plutarch.
1401 2662 1410 2678 ,
1430 2634 1467 2668 in
1490 2637 1572 2669 An—

178 2702 250 2728 ton.
264 2721 274 2736 ,
297 2707 391 2730 xxu.
