1988 3407
724 258 1060 292 offllITlANL‘s.
1546 258 1593 293 65

193 353 270 380 nas
296 347 480 383 tesseras
502 340 546 383 in
570 339 766 400 singulos
786 356 952 384 cuneos
974 340 1191 400 equestris
1215 355 1264 383 ac
1291 342 1500 385 senatorii
1525 358 1597 386 or—

190 415 304 462 dinis
333 421 661 480 pronunciavit.

258 500 311 544 V.
351 498 548 546 Plurima
583 511 626 545 et
664 499 938 563 amplissima
973 517 1107 563 opera
1146 500 1353 545 incendio
1390 502 1596 547 absumta

191 581 385 625 restituit
412 598 421 625 :
452 582 496 625 in
508 581 630 642 queis
645 591 688 626 et
717 580 1017 643 Capitolium,
1049 581 1170 644 quod
1204 599 1360 627 rursus
1387 593 1557 628 arserat
1585 602 1593 627 :

191 662 266 706 sed
300 663 454 707 omnia
490 663 572 706 sub
608 661 736 707 titulo
771 673 944 708 tantum
972 680 1078 721 suo,
1108 680 1159 708 ac
1183 665 1277 708 sine
1301 662 1391 708 ulla
1418 665 1594 727 pristini

191 744 385 788 auctoris
417 744 645 788 memoria.
674 744 847 789 Novam
873 753 1020 789 autem
1044 746 1252 790 excitavit
1274 744 1413 790 aedem
1439 746 1485 790 in
1509 748 1594 792 Ca-

186 822 342 883 pitolio
364 823 549 870 Custodi
573 825 692 882 Jovi,
724 835 768 870 et
794 829 958 870 Forum
976 862 986 881 ,
1014 825 1134 888 quod
1160 843 1280 872 nunc
1318 830 1486 874 Nemee
1518 845 1595 873 vo-

183 913 310 948 catur
343 922 352 948 :
391 905 497 949 item
541 904 702 951 Flaviae
747 905 964 969 templum
998 909 1168 970 gentis,
1208 919 1252 953 et
1282 908 1514 968 Stadium,
1549 921 1591 954 et

183 984 358 1029 Odeum
372 1020 384 1042 ,
398 995 440 1030 et
464 987 812 1045 Naumachiam3
833 1005 858 1034 e
882 989 1010 1050 cujus
1032 999 1183 1050 postea
1204 988 1352 1052 lapide
1372 992 1591 1036 maximus

184 1066 370 1123 Circus,
395 1067 564 1113 deustis
593 1071 804 1131 utrinque
828 1070 1041 1116 lateribus
1058 1106 1070 1127 ‚
1095 1083 1346 1118 exstructus
1375 1084 1454 1118 est.

255 1150 332 1193 VI.
361 1149 679 1211 Expeditiones
705 1153 866 1213 partim
893 1163 1053 1214 sponte
1082 1153 1303 1216 suscepit,
1330 1157 1492 1216 partim
1518 1173 1592 1201 ne-

181 1230 395 1286 cessario3
426 1242 610 1292 sponte,
649 1234 693 1277 in
720 1235 874 1278 Cattos
900 1250 910 1278 :
942 1236 1211 1292 necessario,
1250 1253 1385 1280 unam
1411 1237 1454 1281 in
1485 1239 1588 1282 Sar-

183 1319 345 1367 matas,
370 1309 546 1373 legione
581 1330 683 1357 cum
719 1312 863 1376 legato
890 1314 1021 1360 simul
1045 1332 1172 1372 caesa3
1204 1317 1249 1361 in
1278 1319 1424 1362 Dacos
1451 1317 1560 1363 duas
1578 1354 1589 1376 ,

180 1391 371 1451 primam
412 1394 562 1454 Oppio
602 1394 768 1439 Sabino
804 1395 1030 1441 consulari
1066 1414 1313 1460 oppresso,
1344 1399 1587 1444 secundam

179 1471 392 1516 Cornelio
409 1475 576 1530 Fusco,
598 1475 807 1536 praefecto
823 1476 1078 1521 cohortium
1100 1479 1490 1539 praetorianarum,
1514 1482 1586 1524 cui

177 1551 283 1597 belli
320 1571 540 1599 summam
578 1558 876 1602 commiserat.
916 1560 985 1604 De
1027 1560 1168 1604 Cattis
1201 1561 1450 1622 Dacisque,
1487 1573 1587 1623 post

177 1635 298 1680 varia
336 1635 513 1697 proelia,
552 1635 777 1700 duplicem
815 1640 1092 1702 triumphum
1125 1643 1231 1703 egit.
1267 1645 1335 1687 De
1373 1644 1586 1688 Sarmatis

177 1714 373 1761 lauream
415 1718 550 1763 modo
591 1720 847 1782 Capitolino
876 1722 976 1766 Jovi
1015 1722 1180 1768 retulit.
1214 1723 1385 1768 Bellum
1426 1724 1585 1784 civile,

177 1806 348 1842 motum
364 1815 387 1843 a
408 1801 459 1844 L.
478 1802 694 1858 Antonio,
716 1804 956 1865 superioris
977 1805 1231 1849 Germaniae
1254 1806 1460 1867 praeside,
1481 1824 1587 1852 con-

177 1877 282 1922 fecit
317 1879 500 1935 absens,
540 1881 750 1928 felicitate
790 1885 929 1940 mira,
972 1902 1112 1946 quum
1146 1887 1241 1947 ipsa
1284 1886 1584 1933 dimicationis

176 1959 287 2004 hora
307 1959 528 2006 resolutus
552 1974 736 2025 repente
760 1965 944 2010 Rhenus
966 1967 1231 2011 transituras
1256 1967 1310 2012 ad
1334 1970 1582 2014 Antonium

175 2043 324 2102 copias
356 2044 656 2089 Barbarorum
691 2047 967 2092 inhibuisset.
998 2050 1067 2093 De
1092 2065 1179 2109 qua
1209 2050 1394 2095 victoria
1420 2068 1580 2112 praesa-

176 2123 256 2184 giis
281 2124 424 2184 prius,
441 2142 575 2186 quam
606 2129 801 2186 nunciis,
826 2131 1054 2191 comperit.
1089 2129 1318 2191 Siquidem
1345 2133 1464 2193 ipso,
1491 2150 1581 2194 quo

175 2202 432 2249 dimicatum
454 2217 574 2265 erat,
600 2208 688 2265 die,
715 2219 905 2254 statuam
926 2211 1020 2272 ejus
1045 2213 1198 2256 Romae
1224 2213 1409 2275 insignis
1431 2214 1580 2275 aquila

174 2285 470 2348 circumplexa
495 2290 653 2350 pennis
670 2325 681 2347 ,
708 2289 936 2354 clangores
962 2290 1208 2338 laetissimos
1228 2293 1367 2339 edidit
1391 2313 1401 2340 ι
1429 2295 1581 2357 paulo-

175 2382 261 2426 que
299 2377 423 2428 post,
461 2370 655 2415 occisum
698 2373 971 2430 Antonium,
1006 2373 1115 2418 adeo
1147 2373 1377 2437 vulgatum
1412 2388 1501 2435 est,
1531 2389 1581 2423 ut

174 2457 308 2508 caput
330 2465 507 2510 quoque
536 2451 632 2511 ejus
661 2463 948 2514 apportatum
973 2453 1131 2499 vidisse
1159 2472 1227 2514 se,
1249 2455 1452 2520 plerique
1477 2477 1581 2505 con-

173 2528 419 2573 tenderent.

236 2611 337 2668 VH.
377 2610 523 2656 Multa
559 2614 689 2658 etiam
727 2616 770 2660 in
809 2619 1034 2661 communi
1075 2635 1223 2662 rerum
1264 2635 1345 2664 usu
1380 2622 1575 2666 novavit.

174 2689 405 2750 Sportulas
426 2691 625 2754 publicas
647 2695 847 2753 sustulit,
873 2709 1074 2743 revocata
1101 2709 1324 2744 rectarum
1349 2717 1574 2747 coenarum

367 2789 417 2817 11.
1355 2781 1380 2827 5
