2004 3439
241 278 1589 299 ============================================================================================

697 477 1085 548 NOTITIA

243 687 346 744 DE
390 686 766 746 SUETONII
808 690 994 749 VITA
1040 692 1138 750 ET
1180 693 1544 755 SCRIPTIS.

188 1091 385 1175 Nuus
423 1141 488 1176 est
514 1133 565 1177 C.
598 1133 838 1179 Suetonius
863 1136 1307 1198 Tranquillus'circa
1343 1140 1467 1185 initia
1502 1141 1586 1186 im-

184 1210 294 1270 perii
336 1213 668 1273 Vespasiani*;
720 1216 922 1278 vixitque
978 1220 1257 1280 temporibus
1304 1222 1487 1284 Trajani
1543 1234 1587 1268 et

187 1289 386 1335 Adriani.
413 1294 543 1338 Pater
572 1295 667 1355 ejus
695 1297 935 1342 Suetonius
968 1300 1128 1356 Lenis,
1155 1300 1272 1346 bello
1301 1303 1588 1360 Othoniano,

191 1369 275 1415 fuit
316 1373 454 1417 tertiae
496 1373 678 1419 decimae
710 1374 897 1438 legionis
933 1378 1138 1424 tribunus
1166 1383 1582 1443 angusticlavius**.

182 1452 341 1498 Cetera
379 1453 433 1498 de
473 1455 568 1516 ejus
606 1457 698 1501 vita
737 1474 897 1519 parum
933 1471 1176 1522 comperta.
1224 1464 1397 1509 Scimus
1439 1475 1586 1511 tamen

179 1548 281 1577 eum
310 1534 587 1581 tribunatum
614 1536 805 1584 militum
838 1539 972 1585 fuisse
997 1553 1308 1602 consecutum,
1338 1563 1473 1607 quem
1505 1548 1586 1593 ho-

181 1630 333 1659 norem
373 1617 523 1661 statim
558 1619 605 1663 in
633 1620 937 1683 propinquum
965 1640 1093 1668 suum
1123 1625 1324 1672 Caesenn.
1350 1626 1581 1673 Silvanum

181 1695 423 1742 transtulit.
449 1699 552 1744 Fuit
567 1717 746 1763 quoque
774 1704 985 1765 magister
999 1704 1286 1768 epistolarum
1302 1709 1581 1771 imperatoris

179 1775 378 1823 Adriani.
400 1779 555 1837 Quum
583 1798 690 1827 vero
718 1783 838 1845 apud
868 1785 1103 1843 Sabinam,
1131 1789 1346 1852 principis
1372 1807 1579 1850 uxorem,

178 1857 438 1905 familiarius
476 1873 652 1925 ageret,
680 1881 732 1909 eo
762 1882 946 1911 munere
972 1869 1174 1930 privatus
1201 1880 1278 1915 est.

241 1942 448 1988 Amicitia
477 1945 557 1989 sibi
591 1947 634 1990 in
655 1948 810 2008 primis
832 1948 1032 1994 devinxit
1060 1953 1110 1996 C.
1137 1951 1330 1998 Plinium
1351 1954 1579 2000 Caecilium

175 2022 450 2082 Secundum,
483 2027 559 2087 qui
586 2028 679 2089 ipse
707 2045 788 2074 nos
816 2029 971 2075 edocet
996 2048 1076 2076 cur
1105 2033 1321 2079 Nostrum
1346 2046 1579 2098 tantopere

231 2181 247 2196 *
269 2183 321 2220 Ut
342 2185 532 2233 conjicere
552 2188 640 2225 licet
660 2202 706 2226 ex
720 2191 838 2239 ipsius
857 2192 1005 2239 verbis,
1022 2194 1060 2229 in
1079 2195 1189 2239 Neu,
1216 2208 1299 2231 Lvn
1322 2210 1330 2232 ε
1356 2196 1581 2246 «Denique,

175 2256 296 2292 quum
314 2254 404 2294 post
415 2248 553 2298 viginti
575 2263 696 2288 annos
716 2252 848 2304 (scilic.
871 2268 891 2291 a
914 2263 1038 2292 morte
1054 2256 1231 2309 Neronis)
1257 2258 1497 2295 adolescente
1520 2273 1579 2296 me

173 2306 374 2344 exstitisset
394 2311 626 2349 conditionis
640 2315 811 2364 incertae,
824 2318 892 2366 qui
909 2331 947 2355 se
966 2320 1161 2356 Neronem
1184 2333 1263 2357 esse
1273 2321 1453 2369 jactaret,
1472 2329 1543 2358 etc.
1560 2338 1578 2354 n

173 2370 340 2406 Mortem
370 2372 441 2408 sibi
462 2376 648 2411 conscivit
676 2380 799 2426 Nero,
827 2393 928 2418 anno
961 2382 1038 2431 819
1068 2391 1157 2431 post
1184 2386 1347 2421 Romam
1373 2386 1578 2422 conditam.

173 2432 239 2466 Ille
259 2433 377 2483 igitur
396 2436 688 2485 Pseudo-Nero,
708 2441 818 2487 cujus
838 2443 1010 2478 meminit
1032 2446 1184 2492 Noster,
1206 2447 1349 2483 exstitit
1373 2461 1474 2484 anno
1490 2448 1580 2496 839.

174 2491 309 2537 Quum
328 2509 419 2533 vero
447 2505 540 2534 tunc
561 2501 742 2548 temporis
756 2502 962 2539 Suetonius
982 2513 1077 2541 esset
1095 2506 1173 2553 jam
1199 2508 1436 2555 adolescens,
1458 2510 1579 2558 liquet

174 2566 261 2590 eum
281 2554 394 2592 fuisse
414 2564 544 2594 natum
564 2562 663 2598 circa
683 2563 788 2599 initia
801 2566 1038 2614 Vespasiani,
1059 2568 1126 2616 qui
1146 2569 1427 2618 imperatoriam
1449 2572 1577 2620 digni—

175 2623 288 2653 tatem
310 2631 411 2655 anno
433 2621 718 2662 820-assecutus
741 2634 806 2665 est.

229 2680 265 2695 '⁶¹'
290 2681 346 2717 Cf.
377 2683 535 2726 othon„
563 2698 597 2721 x.
