1988 3407
749 225 1078 270 DOMITIANUS.
1566 236 1612 281 73

222 317 386 363 Eadem
417 317 652 363 formidine
676 317 871 362 oblatum
901 335 926 362 a
953 328 1106 362 senatu
1134 335 1299 363 novum
1327 329 1370 364 et
1393 321 1613 383 excogita-

222 410 316 444 tum
344 400 584 456 honorem,
615 415 882 461 quamquam
907 401 1107 444 omnium
1130 398 1284 444 talium
1312 402 1615 461 appetentissi-

220 497 340 537 mus,
361 482 581 526 recusavit
598 498 606 524 :
626 497 715 541 quo
735 479 960 524 decretum
983 491 1100 536 erat,
1122 490 1222 537 «ut,
1248 481 1423 541 quoties
1446 491 1615 543 gereret

220 560 524 617 consulatum,
546 563 712 622 equites
732 562 930 618 romani,
956 561 1116 622 quibus
1137 578 1231 606 sors
1251 561 1503 623 obtigisset,
1530 572 1615 607 tra-

219 643 336 688 beati
361 653 403 688 et
428 660 528 688 cum
554 643 690 687 hastis
723 641 992 688 militaribus
1022 643 1323 705 praecederent
1348 660 1447 687 eum
1464 678 1475 697 ,
1502 644 1616 688 inter

220 722 397 769 lictores
433 725 853 786 apparitoresque.»
881 726 1101 786 Tempore
1138 741 1241 769 vero
1279 725 1471 787 suspecti
1502 725 1617 786 peri-

218 803 305 849 culi
334 805 743 866 appropinquante,
778 803 1008 849 sollicitior
1040 805 1086 850 in
1115 805 1234 859 dies,
1268 806 1542 867 porticuum,
1571 805 1616 849 in

219 885 380 946 quibus
408 886 589 946 spatiari
619 895 878 942 consuerat,
905 887 1093 947 parietes
1129 887 1339 949 phengite
1370 885 1516 948 lapide
1553 885 1617 930 di-

217 967 398 1022 stinxit,
434 983 457 1011 e
491 967 617 1027 cujus
658 965 893 1029 splendore
935 984 1013 1029 per
1054 968 1301 1030 imagines,
1341 965 1553 1029 quicquid
1593 984 1615 1011 a

218 1057 342 1109 tergo
379 1047 530 1105 fieret,
573 1047 839 1110 provideret.
872 1050 969 1094 Nec
1007 1050 1091 1094 nisi
1127 1059 1294 1094 secreto
1333 1059 1464 1110 atque
1498 1048 1617 1094 solus

216 1128 450 1191 plerasque
467 1130 717 1186 custodias,
741 1132 926 1193 receptis
948 1148 1126 1192 quoque
1153 1133 1198 1176 in
1223 1148 1403 1175 manum
1429 1132 1616 1188 catenis,

217 1210 436 1255 audiebat.
459 1214 609 1272 thue
629 1211 881 1256 domesticis
906 1212 1210 1273 persuaderet,
1226 1229 1281 1256 ne
1299 1212 1417 1257 bono
1436 1211 1617 1274 quidem

219 1291 420 1353 exemplo
449 1292 698 1337 audendam
730 1309 822 1337 esse
852 1294 1029 1354 patroni
1057 1310 1236 1350 necem,
1262 1293 1617 1356 Epaphroditum

219 1390 242 1417 a
271 1371 428 1417 libellis
455 1373 631 1435 capitali
660 1391 789 1435 poena
811 1373 1140 1432 condemnavit,
1167 1374 1286 1436 quod
1309 1385 1408 1436 post
1432 1374 1618 1420 destitu-

221 1455 386 1498 tionem
421 1455 541 1498 Nero
580 1455 624 1498 in
658 1454 942 1516 adipiscenda
973 1465 1116 1499 morte
1151 1472 1286 1500 manu
1314 1456 1406 1517 ejus
1440 1456 1616 1519 adjutus

217 1535 565 1580 existimabatur.

280 1618 380 1661 XV.
412 1618 616 1679 Denique
644 1617 844 1663 Flavium
876 1618 1149 1665 Clementem
1183 1619 1431 1682 patruelem
1459 1638 1616 1678 suum,

216 1696 572 1743 contemtissimae
599 1699 785 1756 inertiae,
807 1701 932 1762 cujus
954 1700 1088 1759 filios,
1111 1703 1243 1746 etiam
1268 1711 1359 1747 tum
1384 1701 1615 1765 parvulos,

217 1795 487 1823 successores
523 1778 667 1840 palam
706 1779 1026 1839 destinaverat,
1065 1792 1109 1827 et
1145 1782 1310 1828 abolito
1349 1785 1498 1846 priore
1532 1801 1614 1828 no-

218 1860 354 1914 mine,
381 1858 567 1904 alterum
600 1863 936 1924 Vespasianum
959 1862 1172 1924 appellari
1191 1865 1404 1925 jusserat,
1427 1864 1614 1910 alterum

217 1941 557 1996 Domitianam,
587 1952 767 2003 repente
799 1959 848 1986 ex
882 1945 1136 1987 tenuissima
1167 1947 1418 2006 suspicione
1442 1955 1614 1990 tantum

219 2038 307 2065 non
336 2023 379 2066 in
409 2023 504 2084 ipso
531 2024 625 2084 ejus
646 2024 878 2068 consulatu
903 2025 1142 2069 interemit.
1165 2028 1269 2083 Quo
1292 2027 1478 2070 maxime
1501 2026 1615 2070 facto

219 2104 458 2147 maturavit
484 2104 565 2148 sibi
588 2106 784 2150 exitium.
809 2107 1045 2151 Continuis
1070 2117 1169 2150 octo
1194 2107 1418 2151 mensibus
1445 2117 1510 2151 tot
1536 2107 1616 2152 ful-

218 2199 325 2244 gura
354 2183 465 2228 facta
499 2186 795 2247 nunciataque
831 2197 960 2244 suut,
988 2197 1035 2232 ut
1065 2186 1397 2245 exclamaverit,
1429 2209 1448 2229 «
1472 2190 1617 2233 Feriat

214 2265 303 2324 jam
322 2299 333 2321 ,
363 2280 495 2325 quern
535 2264 703 2310 volet.»
729 2268 915 2312 Tactum
950 2268 1005 2312 de
1034 2267 1145 2312 coelo
1169 2269 1463 2331 Capitolium,
1503 2281 1614 2315 tein-

218 2344 430 2406 plumque
459 2345 617 2391 Flaviae
652 2348 793 2408 gentis
820 2365 829 2391 :
858 2349 959 2392 item
991 2349 1147 2393 domus
1169 2349 1393 2408 Palatina,
1420 2361 1462 2395 et
1489 2352 1613 2396 cubi-

217 2425 369 2471 culum
396 2428 532 2488 ipsius
561 2445 569 2471 :
595 2438 726 2489 atque
750 2430 882 2473 etiam
912 2448 934 2473 e
963 2430 1055 2474 basi
1080 2441 1234 2475 statuae
1262 2432 1543 2495 triumphalis
1568 2435 1616 2478 ti-

218 2507 337 2553 tulus
365 2525 570 2554 excussus
603 2511 645 2554 vi
675 2509 877 2573 procellae
910 2513 952 2555 in
982 2523 1322 2557 monumentum
1362 2517 1614 2575 proximum

218 2589 393 2633 decidit.
432 2590 603 2647 Arbor,
639 2608 735 2652 quae
772 2594 945 2654 privato
982 2593 1126 2638 adhuc
1155 2596 1427 2656 Vespasiano
1463 2612 1614 2641 eversa

219 2682 488 2725 surrexerat,
517 2681 619 2716 tunc
644 2689 794 2717 rursus
816 2683 995 2735 repente
1023 2677 1201 2719 corruit.
1235 2677 1498 2721 Praenestina
1525 2677 1615 2720 for-
