1971 3342
413 234 432 271 l,
441 241 458 263 2
941 232 979 266 C.
1010 232 1236 267 SUETONII

410 311 578 354 bunitia
621 311 946 372 praetervehenti
989 314 1086 369 sibi,
1124 330 1258 356 unum
1291 329 1314 356 e
1344 311 1522 372 collegio
1554 313 1756 357 Pontium

409 390 610 450 Aquilam
640 390 727 435 non
754 392 1032 436 assurrexisse
1061 392 1167 435 adeo
1196 391 1443 452 indignatus
1476 391 1549 446 sit,
1576 401 1625 434 ut
1656 409 1756 452 pro-

409 469 655 514 clamaverit
681 487 725 513 :«
745 474 904 531 Repete
936 487 1038 531 ergo
1070 487 1095 514 a
1121 488 1208 526 me,
1235 470 1412 531 Aquila,
1445 469 1755 530 rempublicam

409 550 668 605 tribunus3»
701 559 743 593 et
775 565 851 592 nec
890 548 1099 594 destiterit
1124 567 1200 610 per
1235 551 1463 594 continuos
1507 549 1594 592 dies
1635 548 1758 608 quid-

408 644 537 687 quam
555 630 776 688 cuiquam,
799 629 879 672 nisi
901 630 980 673 suh
1007 630 1255 689 exceptione
1275 628 1466 689 polliceri
1491 646 1499 672 :
1525 628 1588 672 «si
1614 637 1757 671 tamen

407 724 484 767 per
504 709 707 751 Pontium
728 708 927 768 Aquilam
952 707 1133 752 licuerit.
1153 729 1174 749 »

471 789 669 830 LXXIX.
698 787 864 848 Adjecit
901 787 954 831 ad
991 798 1077 831 tam
1116 789 1326 849 insignem
1363 787 1549 849 despecti
1587 797 1757 831 senatus

406 866 712 910 contumeliam
726 866 862 911 multo
876 868 1147 928 arrogantius
1167 867 1340 911 factum.
1358 869 1471 912 Nam
1489 884 1623 927 quum
1636 867 1759 910 sacri-

405 946 501 989 ficio
528 945 759 990 latinarum
785 957 1022 990 revertente
1047 964 1120 1003 eo,
1146 948 1256 990 inter
1282 946 1530 990 immodicas
1554 962 1602 989 ac
1627 961 1758 988 novas

405 1026 555 1087 populi
581 1025 926 1083 acclamationes,
954 1026 1127 1086 quidam
1154 1043 1176 1070 e
1201 1028 1327 1070 turba
1356 1036 1504 1069 statuae
1521 1026 1612 1085 ejus
1634 1041 1758 1067 coro-

405 1123 504 1148 nam
531 1105 721 1149 lauream
747 1106 928 1150 candida
952 1106 1080 1149 fascia
1108 1105 1371 1166 praeligatam
1400 1106 1691 1164 imposuisset,
1718 1113 1760 1146 et

404 1185 569 1228 tribuni
598 1184 731 1244 plebis
756 1184 933 1245 Epidius
960 1184 1173 1228 Marullus
1198 1185 1489 1242 Caesetiusque
1511 1182 1667 1226 Flavus
1693 1199 1759 1225 co-

403 1282 518 1308 ronae
542 1264 714 1308 fasciam
743 1264 929 1319 detrahi,
957 1264 1260 1323 hominemque
1287 1263 1386 1306 duci
1412 1264 1454 1305 in
1480 1261 1654 1306 vincula
1667 1263 1758 1322 jus-

402 1346 572 1399 sissent3
606 1343 755 1387 dolens
786 1360 858 1386 seu
886 1359 1039 1402 parum
1069 1358 1274 1403 prospere
1301 1351 1460 1386 motam
1486 1343 1607 1402 regni
1635 1358 1757 1385 men-

404 1425 585 1479 tionem,
620 1425 728 1479 sive,
765 1433 811 1467 ut
844 1422 1025 1479 ferebat,
1057 1432 1249 1483 ereptam
1293 1424 1373 1467 sibi
1410 1422 1592 1483 gloriam
1636 1439 1757 1465 recu-

404 1504 551 1559 sandi,
582 1505 780 1547 tribunos
815 1505 1002 1564 graviter
1030 1505 1261 1564 increpitos
1295 1513 1506 1565 potestate
1538 1504 1754 1564 privavit:

404 1601 541 1644 neque
566 1602 617 1627 ex
641 1601 689 1627 eo
715 1584 933 1627 infamiam
960 1584 1146 1628 affectati
1173 1585 1301 1627 etiam
1334 1584 1438 1644 regii
1471 1584 1659 1626 nominis
1695 1581 1759 1625 di-

403 1675 570 1709 scutere
610 1664 762 1721 valuit,
795 1681 1044 1725 quanquam
1069 1674 1111 1708 et
1140 1663 1254 1724 plebi
1286 1680 1431 1724 regem
1458 1680 1501 1707 se
1528 1662 1757 1718 salutanti,

403 1747 641 1789 «Caesarem
665 1763 728 1802 se,
746 1763 833 1788 non
855 1762 998 1805 regem
1023 1762 1162 1800 esse,»
1179 1744 1470 1804 responderit3
1495 1754 1537 1788 et
1564 1742 1760 1804 luperca-

404 1825 532 1881 libus,
548 1843 626 1886 pro
642 1827 791 1869 rostris
811 1843 835 1869 a
859 1825 1034 1869 consule
1054 1826 1245 1870 Antonio
1270 1824 1494 1868 admotum
1514 1825 1667 1884 saepius
1687 1840 1759 1867 ca-

402 1907 480 1966 piti
519 1923 596 1949 suo
638 1906 833 1949 diadema
871 1905 1099 1966 repulerit,
1126 1917 1255 1964 atque
1292 1906 1336 1947 in
1372 1903 1636 1964 Capitolium
1666 1904 1759 1946 Jovi

403 1988 582 2047 Optimo
608 1988 800 2030 Maximo
826 1988 1001 2030 miserit.
1036 1987 1157 2043 Quin
1189 1986 1317 2028 etiam
1344 1983 1486 2027 valida
1522 1983 1635 2026 fama
1662 1999 1760 2042 per-

403 2068 593 2122 crebuit,
621 2068 908 2126 migraturum
935 2065 1241 2109 Alexandriam
1271 2063 1336 2106 vel
1363 2062 1512 2117 Ilium,
1544 2061 1760 2105 translatis

404 2145 529 2188 simul
555 2147 709 2206 opibus
734 2146 922 2205 imperii,
952 2145 1244 2203 exhaustaque
1280 2142 1403 2186 Italia
1437 2141 1694 2198 ‹lelectihus,
1719 2151 1759 2185 et

403 2228 709 2286 procuratione
736 2227 853 2269 urbis
874 2226 1020 2268 amicis
1051 2225 1253 2285 permissa
1281 2240 1289 2266 :
1312 2223 1509 2283 proximo
1535 2232 1679 2266 autem
1700 2237 1762 2265 se-

404 2316 528 2359 natu,
550 2309 597 2350 L.
627 2309 800 2350 Cottam
821 2304 1210 2365 quindeciinvirum
1237 2304 1493 2347 sententiam
1521 2303 1760 2357 dicturum,

406 2396 476 2441 ut,
505 2387 708 2446 quoniam
736 2385 854 2428 libris
884 2384 1083 2427 fatalibus
1110 2384 1426 2438 contineretur,
1459 2383 1642 2426 Parthos
1680 2382 1759 2424 nisi

403 2483 425 2509 a
453 2482 550 2525 rege
578 2483 662 2508 non
691 2482 812 2526 posse
839 2465 970 2521 vinci,
995 2466 1138 2507 Caesar
1163 2480 1238 2506 rex
1263 2461 1566 2522 appellaretur.

467 2549 647 2590 LXXX.
678 2550 788 2604 Quae
812 2562 937 2590 causa
971 2545 1206 2604 conjuratis
1241 2543 1486 2586 maturandi
1518 2543 1597 2586 fuit
1630 2542 1760 2585 desti-

409 2636 504 2668 nata
533 2628 718 2685 negotia,
749 2643 798 2669 ue
819 2626 1019 2668 assentiri
1052 2640 1218 2667 neccsse
1244 2633 1365 2666 esset.
1394 2621 1582 2665 Consilia
1608 2623 1760 2681 igitur,
