1988 3439
612 246 859 284 OCTAVIUS
880 247 1148 284 AUGUSTUS.
1518 243 1564 290 57

195 335 382 382 salutato
397 373 408 395 ,
435 338 552 383 hunc
580 335 816 380 foedissimo
837 337 1035 381 convicio
1058 353 1207 381 coram
1239 336 1563 398 prosciderunt.

194 419 370 464 Partitis
396 428 495 481 post
517 417 751 482 victoriam
776 416 958 474 officiis,
996 434 1135 478 quum
1161 419 1379 462 Antonius
1405 418 1562 463 Orien-

191 509 278 544 tem
305 498 621 555 ordinandum,
645 498 736 559 ipse
764 506 993 542 veteranos
1019 498 1064 542 in
1096 497 1270 542 Italiam
1289 498 1562 544 reducendos

189 591 233 625 et
253 578 590 641 municipalibus
620 579 737 640 agris
756 578 1034 624 collocandos
1054 580 1311 641 recepisset3
1337 596 1477 641 neque
1496 597 1563 624 vc-

188 673 440 707 teranorum
476 676 619 721 neque
643 676 942 721 possessorum
972 660 1159 722 gratiam
1191 661 1358 718 tenuit3
1386 659 1558 718 alteris,

185 743 286 806 pelli
309 759 353 788 se
369 776 381 798 ,
411 740 557 786 alteris
573 775 585 799 ,
607 758 697 785 non
725 757 808 803 pro
843 757 920 804 spe
945 743 1205 786 meritorum
1227 742 1435 800 tractari,
1459 757 1561 802 que-

188 824 397 869 rentibus.

249 904 370 947 XIV.
406 904 511 962 Quo
539 912 737 966 tempore
763 905 815 948 L.
839 903 1107 960 Antonium,
1134 902 1293 949 fiducia
1316 900 1568 947 consulatus

184 1000 317 1045 quem
343 984 541 1046 gerebat,
565 1000 615 1030 ac
639 984 843 1029 fraternae
871 984 1099 1045 potentiae,
1128 1000 1196 1028 res
1224 1000 1358 1028 novas
1385 982 1569 1027 molien-

186 1074 298 1121 tem,
322 1064 558 1127 confugere
579 1065 805 1110 Perusiam
831 1065 999 1126 coegit,
1021 1075 1064 1109 et
1085 1064 1140 1109 ad
1164 1063 1432 1108 deditionem
1457 1063 1570 1108 fame

188 1143 422 1206 compulit3
451 1162 541 1190 non
575 1155 722 1190 tamen
757 1145 849 1189 sine
883 1145 1053 1206 magnis
1086 1144 1174 1189 suis
1204 1153 1246 1189 et
1275 1154 1378 1188 ante
1405 1142 1570 1187 bellum

187 1226 290 1270 etin
308 1224 423 1270 bello
443 1226 785 1270 discriminibus,
806 1228 921 1270 Nam
938 1243 1076 1287 quum
1097 1225 1346 1287 spectaculo
1365 1225 1570 1270 ludorum

188 1307 437 1369 gregarium
454 1306 660 1364 militem,
675 1308 717 1351 in
734 1306 1067 1368 quatuordecim
1085 1306 1313 1350 ordinibus
1329 1306 1572 1362 sedentem,

187 1389 369 1432 excitari
390 1404 467 1448 per
483 1388 781 1448 apparitorem
797 1388 1015 1448 jussisset,
1036 1403 1214 1430 rumore
1234 1388 1287 1430 ab
1308 1388 1572 1431 obtrectato-

187 1468 308 1513 ribus
327 1467 476 1525 dilato,
491 1470 615 1529 quasi
633 1468 834 1513 eumdem
852 1484 955 1512 mox
970 1477 1013 1512 et
1027 1467 1340 1512 discruciatum
1358 1478 1573 1523 necasset3

188 1550 422 1594 minimum
453 1549 617 1606 abfuit,
640 1550 748 1610 quin
773 1550 934 1611 periret
960 1565 1179 1594 concursu
1203 1558 1247 1593 et
1272 1548 1574 1609 indignatione

189 1631 327 1676 turbae
360 1630 574 1675 militaris.
612 1630 752 1675 Saluti
786 1630 894 1688 fuit,
929 1630 1072 1691 quod,
1104 1631 1181 1691 qui
1219 1629 1573 1687 desiderabatur,

188 1721 367 1774 repente
388 1712 638 1774 comparuit
660 1710 893 1757 incolumis
913 1728 962 1755 ac
982 1712 1074 1755 sine
1096 1711 1268 1772 injuria.
1294 1711 1420 1756 Circa
1442 1727 1576 1773 peru-

189 1792 334 1836 sinum
361 1802 507 1836 autem
535 1809 711 1837 murum
733 1792 1009 1850 sacrificans,
1030 1809 1150 1853 paene
1169 1793 1438 1853 interceptus
1463 1800 1528 1836 est
1551 1808 1577 1835 a

190 1890 323 1918 manu
353 1872 647 1934 gladiatorum
672 1890 768 1933 quae
794 1873 957 1934 oppido
985 1883 1204 1934 eruperat.

253 1956 351 2000 XV.
389 1955 568 1999 Perusia
592 1963 743 2015 capta,
772 1954 815 1997 in
843 1952 1059 2014 plurimos
1085 1953 1423 2009 animadvertit3
1450 1970 1576 1998 orare

191 2036 363 2080 veniam
385 2034 453 2079 vel
476 2051 679 2079 excusare
702 2050 746 2078 se
768 2035 1051 2091 conantibus,
1075 2050 1163 2077 una
1189 2050 1293 2078 voce
1317 2051 1576 2088 occurrens,

191 2135 211 2158 α
225 2115 509 2161 Moriendum
532 2133 635 2160 esse.
653 2136 673 2157 »
695 2116 904 2160 Scribunt
925 2114 1124 2176 quidam,
1148 2124 1365 2158 trecentos
1386 2132 1438 2158 ex
1458 2115 1577 2159 dedi-

193 2197 301 2241 ticiis
339 2196 497 2242 electos
513 2231 524 2253 ,
563 2198 790 2257 utriusque
829 2196 1020 2251 ordinis,
1058 2196 1112 2240 ad
1152 2213 1272 2240 aram
1310 2196 1425 2240 Divo
1459 2195 1575 2240 Julio

192 2286 459 2321 exstructam
499 2277 648 2321 Idibus
687 2278 862 2321 Martiis
901 2277 1146 2321 hostiarum
1187 2293 1309 2321 more
1346 2287 1574 2322 mactatos.

193 2358 490 2413 Exstiterunt,
516 2358 591 2417 qui
624 2356 867 2412 traderent,
897 2356 1100 2402 consulto
1123 2375 1223 2401 eum
1249 2357 1304 2401 ad
1327 2374 1448 2401 arma
1470 2358 1574 2413 isse,

194 2448 242 2484 ut
268 2438 428 2483 occulti
453 2438 712 2493 adversarii,
739 2448 781 2481 et
804 2453 913 2497 quos
938 2447 1079 2481 metus
1103 2439 1239 2498 magis
1263 2454 1394 2498 quam
1422 2437 1576 2482 volun-

197 2529 260 2564 tas
287 2521 551 2573 contineret,
578 2516 782 2562 facultate
807 2520 855 2562 L.
880 2519 1060 2562 Antonii
1087 2518 1206 2561 ducis
1230 2519 1432 2578 praebita,
1455 2518 1575 2562 dete-

197 2610 427 2662 gerentur,
459 2599 724 2659 devictisque
753 2599 819 2642 his
847 2609 889 2642 et
917 2598 1186 2653 confiscatis,
1217 2599 1429 2658 promissa
1457 2609 1575 2644 vete-

199 2682 313 2725 l'asslS
340 2682 514 2742 Pl'aenlla
544 2679 818 2740 PCI'SOlVCI'Css
827 2689 907 2723 ῙΙΙΓ.
