1988 3439
819 273 963 308 NERO.
1509 274 1579 321 237

208 377 230 401 :i
274 358 533 412 Messalina,
574 372 706 401 uxore
750 354 949 411 Claudii,
987 356 1063 416 qui
1105 372 1203 400 eum
1253 359 1581 415 meridiantem‚

208 441 328 499 quasi
360 439 598 483 Britannici
633 434 865 492 aemulum,
899 435 1237 496 strangularent.
1268 438 1475 483 Additum
1516 440 1579 484 fa-

209 518 319 563 bulae
348 530 437 574 est,
465 517 637 562 eosdem
662 515 851 560 dracone
878 533 901 559 e
925 515 1106 577 pulvino
1137 534 1181 561 se
1207 517 1454 578 proferente
1479 537 1582 564 con-

209 601 380 644 territos
402 599 620 660 refugisse.
636 598 746 654 Quae
769 596 917 642 fabula
938 608 1087 641 exorta
1114 608 1205 653 est,
1233 598 1513 659 deprehensis
1538 601 1582 644 in

208 679 316 724 lecto
347 681 438 740 ejus
472 679 636 723 circum
671 676 899 722 cervicalia
929 679 1142 740 serpentis
1167 680 1353 733 exuviis,
1379 697 1486 740 quas
1514 690 1581 724 ta-

208 778 328 817 men,
346 775 484 804 aureae
510 756 688 802 armillae
712 775 760 802 ex
783 757 1010 802 voluntate
1032 759 1181 803 matris
1203 758 1413 817 inclusas,
1429 760 1583 804 dextro

207 841 384 885 brachio
411 840 593 901 gestavit
618 838 915 899 aliquamdiu;
943 856 993 884 ac
1017 839 1145 884 taedio
1170 840 1346 884 tandem
1378 851 1582 885 maternae

206 921 424 966 memoriae
447 920 628 981 abjecit;
654 935 893 980 rursusque
916 921 1118 964 extremis
1147 921 1235 965 suis
1264 921 1392 965 rebus
1418 921 1583 966 frustra

207 1002 444 1062 requisivit.

270 1083 367 1126 VII.
414 1084 555 1126 Tener
582 1081 749 1138 adhuc,
776 1081 962 1127 necdum
995 1092 1167 1127 matura
1193 1084 1400 1144 pueritia,
1426 1084 1588 1128 circen-

207 1163 325 1207 sibus
346 1162 459 1206 ludis
483 1163 661 1222 Trojam
685 1164 1034 1207 constantissime
1055 1163 1443 1224 favorabiliterque
1467 1163 1585 1208 lusit.

208 1243 454 1288 Undecimo
480 1244 614 1286 aetatis
645 1259 760 1286 anno
786 1260 809 1286 a
834 1242 1018 1288 Claudio
1036 1244 1269 1305 adoptatus
1295 1255 1384 1299 est,
1404 1248 1586 1289 Annaeo-

210 1340 293 1383 que
319 1325 494 1367 Senecae
510 1358 521 1376 ‚
538 1323 628 1383 jam
655 1332 759 1367 tunc
786 1324 972 1367 senatori
992 1358 1002 1380 ‚
1022 1325 1066 1367 in
1086 1323 1362 1385 disciplinam
1384 1325 1586 1369 traditus.

208 1406 396 1459 Ferunt,
421 1405 628 1447 Senecam
655 1404 853 1463 proxima
880 1414 1003 1448 nocte
1028 1405 1167 1448 visum
1192 1406 1273 1449 sibi
1300 1422 1377 1466 per
1398 1407 1589 1466 quietem

209 1486 259 1528 C.
285 1484 443 1529 Caesari
474 1483 709 1544 praecipere
736 1501 745 1526 :
772 1493 814 1527 et
851 1483 978 1527 fidem
1015 1486 1185 1528 somnio
1210 1486 1329 1530 Nero
1370 1486 1492 1529 brevi
1530 1486 1590 1530 fe-

210 1566 296 1622 cit,
325 1563 497 1626 prodita
532 1564 802 1608 immanitate
831 1574 1016 1621 naturae,
1045 1566 1203 1626 quibus
1229 1566 1420 1627 primum
1447 1566 1592 1627 potuit

215 1646 536 1707 experimentis.
576 1646 777 1706 Namque
816 1646 1118 1691 Britannicum
1154 1646 1358 1703 fratrem,
1387 1646 1507 1707 quod
1545 1663 1592 1690 se

211 1736 310 1788 post
343 1726 623 1788 adoptionem
649 1726 949 1771 AEnobarbum
979 1743 1031 1771 ex
1060 1727 1379 1771 consuetudine
1406 1726 1593 1771 salutas-

211 1817 294 1863 set,
332 1815 380 1850 ut
419 1806 686 1850 subditivum
720 1807 838 1866 apud
872 1817 1039 1868 patrem
1075 1824 1258 1869 arguere
1292 1817 1474 1852 conatus
1511 1817 1591 1851 est.

214 1887 402 1931 Amitam
428 1896 572 1930 autem
595 1886 805 1946 Lepidam
827 1903 944 1930 ream
971 1888 1218 1931 testimonio
1237 1904 1384 1931 coram
1412 1887 1589 1944 afflixit,

213 1966 464 2027 gratificans
494 1966 644 2021 matri,
671 1983 694 2010 a
724 1984 809 2027 qua
846 1983 917 2010 rea
958 1968 1250 2027 premebatur.
1284 1968 1510 2012 Deductus
1547 1969 1591 2011 in

214 2050 373 2091 Forum
402 2048 508 2102 tiro,
532 2046 695 2108 populo
720 2048 1015 2108 congiarium,
1045 2047 1171 2092 militi
1209 2048 1462 2092 donativum
1493 2064 1594 2108 pro-

215 2127 360 2187 posuit
391 2144 400 2170 :
431 2126 679 2187 indictaque
707 2127 963 2172 decursione
989 2129 1287 2189 praetorianis,
1313 2138 1484 2172 scutum
1514 2145 1592 2172 sua

215 2222 347 2249 manu
374 2206 563 2266 praetulit
591 2224 600 2250 z
630 2208 728 2250 exin
758 2210 869 2268 patri
898 2210 1058 2269 gratias
1088 2210 1131 2252 in
1157 2218 1308 2252 senatu
1332 2210 1432 2270 egit.
1462 2209 1592 2269 Apud

215 2285 417 2330 eumdem
441 2286 662 2330 consulem
693 2304 771 2347 pro
800 2289 1146 2332 Bononiensibus
1173 2288 1330 2345 latine,
1361 2306 1439 2349 pro
1472 2289 1593 2333 Rho-

216 2366 297 2410 diis
319 2376 448 2427 atque
468 2365 694 2410 Iliensibus
721 2385 855 2428 graece
886 2369 1015 2411 verba
1042 2367 1153 2411 fecit.
1178 2371 1439 2429 Auspicatus
1467 2379 1527 2413 est
1550 2379 1593 2412 et

212 2446 561 2507 jurisdictionem
582 2447 810 2507 praefectus
835 2448 940 2492 Urbi
961 2465 1084 2492 sacro
1107 2449 1384 2506 Latinarum,
1407 2449 1593 2492 celeber-

219 2527 338 2570 rimis
368 2528 562 2587 patronis
593 2545 676 2571 non
710 2527 1014 2584 translaticias,
1051 2539 1098 2572 ut
1130 2528 1314 2585 assolet,
1341 2539 1383 2571 ct
1414 2529 1593 2579 breves,

218 2606 290 2651 sed
328 2595 534 2651 maximas
565 2607 858 2670 plurimasque
886 2609 1202 2672 postulationes
1237 2611 1432 2654 certatim
1473 2610 1592 2670 inge-

221 2687 442 2744 rentibu53
480 2689 680 2748 quamvis
732 2689 1006 2734 interdictum
1049 2707 1071 2734 a
1115 2689 1298 2734 (Ilaudio
1337 2699 1458 2734 esset.
1501 2691 1593 2734 Nec
