1988 3439
576 278 818 315 OCTAVIUS
849 280 1115 317 AUGUSTUS.
1475 301 1491 332 ς
1500 289 1520 323 3

158 357 295 415 prima
312 394 323 414 ,
345 360 534 420 ipsorum
559 361 793 417 arbitratu,
809 379 895 423 qua
909 364 974 407 vir
997 366 1142 409 virum
1162 365 1285 427 legit3
1310 371 1493 416 secunda
1508 408 1520 427 ‚

160 452 237 480 suo
259 448 299 481 et
315 441 516 501 Agrippae
532 457 541 483 τ
560 456 647 500 quo
670 450 862 503 tempore
877 445 1146 489 existimatur
1161 445 1293 491 lorica
1312 450 1391 494 sub
1407 463 1522 496 veste

159 519 354 562 munitus
383 519 584 580 ferroque
611 522 778 567 cinctus
806 524 1077 583 praesedisse,
1106 526 1253 571 decem
1282 527 1522 576 valentissi-

157 598 239 641 mis
258 599 459 642 senatorii
480 600 643 645 ordinis
657 603 804 646 amicis
819 602 968 648 sellam
988 622 1110 650 suam
1125 607 1520 655 circumstantibus.

159 676 329 721 Cordus
356 679 608 725 Cremutius
642 682 814 740 scribit,
840 700 894 728 ne
932 685 1169 730 admissum
1205 687 1380 748 quidem
1419 699 1524 735 tunc

160 773 423 817 quemquam
464 770 733 818 senatorum,
763 764 843 807 nisi
884 763 1025 808 solum
1051 775 1093 810 et
1123 777 1380 827 praetentato
1410 770 1522 814 sinu.

159 835 385 892 Quosdam
413 838 467 881 ad
492 841 725 885 excusandi
758 859 802 887 se
830 845 1136 889 verecundiam
1167 847 1376 909 compulit
1405 867 1414 893 :
1440 867 1526 894 ser-

159 917 364 976 vavitque
387 919 515 962 etiam
536 923 844 967 excusantibus
864 925 1032 986 insigne
1058 927 1187 970 vestis
1203 962 1214 984 ,
1239 937 1279 971 et
1302 930 1523 989 spectandi

160 996 204 1038 in
231 996 453 1042 orchestra
478 999 772 1062 epulandique
798 1002 968 1064 publice
992 1006 1075 1066 jus.
1114 1007 1217 1062 Quo
1244 1017 1387 1052 autem
1421 1008 1520 1053 lecti

160 1076 446 1137 probatique,
475 1089 517 1123 et
553 1079 794 1142 religiosius
818 1093 859 1127 et
891 1086 1058 1129 minore
1087 1086 1282 1131 molestia
1306 1090 1517 1134 senatoria

161 1171 346 1200 munera
385 1157 696 1220 fungerentur,
730 1164 894 1220 sanxit,
923 1175 971 1208 ut
1004 1167 1258 1226 priusquam
1282 1169 1525 1214 consideret

161 1236 366 1296 quisque,
389 1238 516 1282 thure
537 1256 585 1283 ac
607 1257 726 1285 mero
746 1242 1009 1303 supplicaret
1037 1245 1153 1306 apud
1176 1262 1294 1290 aram
1322 1247 1412 1307 ejus
1435 1247 1522 1305 dei,

162 1316 205 1357 in
227 1316 348 1375 cujus
374 1318 536 1379 templo
556 1321 746 1364 coiretur
769 1339 777 1364 :
805 1332 847 1366 et
866 1339 919 1367 ne
943 1322 1039 1383 plus
1068 1342 1198 1384 quam
1222 1326 1287 1370 bis
1316 1328 1358 1370 in
1378 1344 1524 1372 mense

162 1393 379 1455 legitimus
403 1407 576 1441 senatus
595 1399 1022 1459 ageretur,kalendis
1048 1413 1089 1446 et
1114 1403 1279 1448 idibus:
1304 1422 1410 1450 neve
1428 1423 1525 1468 sep-

163 1474 318 1517 tembri
347 1476 569 1520 octobrive
594 1493 737 1523 mense
768 1478 880 1524 ullos
899 1480 1046 1525 adesse
1065 1481 1171 1526 alios
1194 1500 1365 1528 necesse
1389 1496 1524 1543 esset,

163 1569 291 1613 quam
318 1564 433 1599 sorte
456 1554 608 1600 ductos
625 1591 636 1613 ,
665 1574 740 1618 per
766 1575 952 1618 quorum
979 1577 1209 1605 numerum
1225 1562 1392 1608 decreta
1421 1582 1523 1609 con-

162 1632 230 1676 fici
255 1644 431 1693 possent
455 1652 464 1678 :
490 1636 658 1696 sibique
683 1637 869 1682 instituit
897 1639 1072 1684 consilia
1102 1643 1247 1686 sortiri
1278 1645 1519 1700 semestria,

163 1729 262 1756 cum
287 1713 447 1773 quibus
470 1714 523 1758 de
547 1717 730 1777 negotiis
753 1716 806 1760 ad
831 1718 1100 1779 frequentem
1126 1732 1323 1766 senatum
1345 1723 1525 1767 referen-

165 1791 229 1835 dis
265 1802 364 1836 ante
403 1803 620 1838 tractaret.
662 1798 905 1842 Sententias
942 1799 994 1842 de
1038 1801 1199 1860 majore
1237 1804 1411 1863 negotio
1436 1820 1520 1847 non

165 1888 284 1914 more
313 1882 442 1932 atque
465 1873 640 1929 ordine,
665 1875 737 1918 sed
761 1887 892 1936 prout
917 1876 1134 1935 libuisset,
1168 1882 1448 1942 perrogabat,
1476 1894 1524 1926 ut

164 1950 341 2011 perinde
367 1954 548 2012 quisque
585 1955 778 1998 animum
815 1957 1077 2016 intenderet,
1106 1976 1155 2003 ac
1191 1962 1225 2004 si
1259 1963 1520 2006 censendum

164 2031 321 2091 magis,
347 2047 479 2091 quam
508 2033 829 2078 assentiendum
854 2047 976 2080 esset.

228 2111 433 2154 XXXVI.
470 2113 638 2156 Auctor
662 2123 703 2157 et
728 2113 911 2159 aliarum
937 2133 1082 2161 rerum
1112 2119 1193 2162 fuit
1218 2138 1226 2162 :
1254 2121 1296 2164 in
1326 2122 1444 2181 quis,
1470 2140 1522 2166 ne

166 2197 262 2230 acta
285 2199 457 2233 senatus
478 2190 827 2250 publicarentur3
845 2212 897 2238 ne
915 2198 1213 2257 magistratus,
1234 2199 1430 2260 deposito
1449 2201 1523 2245 ho-

168 2283 297 2320 nore,
312 2269 456 2310 statim
478 2269 519 2312 in
543 2272 786 2328 provincias
808 2275 1105 2332 mitterentur3
1127 2287 1174 2320 ut
1189 2279 1519 2338 proconsulibus

166 2346 219 2389 ad
244 2345 383 2389 mulos
410 2356 452 2390 et
482 2348 759 2392 tabernacula
776 2384 787 2404 ,
813 2368 906 2410 quze
934 2354 1105 2412 publice
1131 2355 1260 2402 locari
1296 2357 1518 2413 solebant,

166 2435 281 2468 certa
309 2427 490 2485 pecunia
514 2428 850 2472 constitueretur
877 2447 885 2472 :
913 2441 960 2474 ut
991 2449 1092 2476 cura
1122 2437 1257 2478 aerarii
1283 2454 1306 2479 a
1330 2447 1514 2496 quaesto-

168 2505 285 2547 ribus
309 2506 484 2548 urbanis
510 2506 561 2548 ad
585 2509 807 2566 proetorios
827 2520 1085 2568 przetoresve
1109 2515 1329 2570 transiret3
1355 2525 1398 2558 ut
1421 2533 1518 2559 cen-

167 2583 441 2627 tumviralcm
478 2585 666 2640 hastam,
693 2603 820 2646 quam
846 2600 1060 2648 qtitestura
1091 2591 1223 2635 functi
1263 2605 1517 2638 consuerant

169 2680 346 2723 cogere,
372 2664 598 2708 decemviri
624 2678 836 2726 cogerent.
