1988 3439
809 264 964 300 OTHO.
1554 279 1594 311 ¹7

192 368 326 407 num,
355 361 398 395 et
425 351 641 394 minorem
671 350 875 393 Marcum
907 348 1224 410 cognominem
1259 350 1357 394 sibi.
1394 351 1516 396 Tulit
1553 363 1597 396 et

192 431 353 489 filiam,
383 448 516 493 quam
547 429 730 474 vixdum
762 428 962 474 nubilem
985 431 1161 484 Druso,
1187 431 1443 476 Germanici
1474 431 1566 477 filio
1583 468 1594 490 ,

192 513 441 576 despondit.

257 597 315 640 ΙΙ.
342 595 463 640 Otho
492 594 734 655 imperator
761 609 809 637 1v
833 592 1041 638 kalendas
1068 594 1203 637 maias
1228 604 1359 639 natus
1387 605 1480 651 est,
1510 598 1596 641 Ca-

192 675 313 721 millo
331 674 568 730 Arruntio,
584 674 786 719 Domitio
800 674 1076 731 AEnobarbo,
1103 674 1377 720 consulibus.
1396 679 1433 722 A
1450 678 1597 739 prima

191 756 486 802 adolescentia
512 754 728 817 prodigus
754 772 804 800 ac
835 772 1027 817 procax,
1053 755 1191 814 adeo,
1219 766 1268 802 ut
1300 773 1416 819 saepe
1445 757 1596 821 flagris

192 839 505 900 objurgaretur
530 853 555 881 a
579 846 719 898 patre.
750 837 997 882 Ferebatur
1024 848 1068 882 et
1089 839 1242 900 vagari
1267 839 1474 884 noctibus
1495 839 1597 884 soli-

190 930 282 976 tus,
300 928 433 980 atque
452 917 697 963 invalidum
718 935 940 980 quemque
963 919 1200 964 obviorum
1219 919 1288 965 vel
1310 920 1594 982 potulentum

189 1001 438 1064 corripere,
469 1017 521 1046 ac
552 1000 748 1045 distento
789 1017 895 1063 sago
932 1002 1190 1064 impositum
1228 1004 1273 1047 in
1307 1004 1496 1049 sublime
1522 1005 1593 1066 ja-

188 1093 320 1127 ctare.
358 1085 464 1127 Post
498 1083 636 1145 patris
673 1082 835 1127 deinde
870 1094 1088 1140 mortem,
1119 1083 1374 1130 libertinam
1403 1086 1595 1132 aulicam

189 1165 427 1226 gratiosam
442 1199 453 1221 ,
475 1181 566 1225 quo
584 1163 807 1208 efficacius
827 1162 1022 1220 coleret,
1049 1166 1183 1209 etiam
1209 1165 1394 1228 diligere
1417 1169 1596 1215 simula-

188 1247 277 1302 vit,
304 1246 509 1307 quamvis
536 1262 669 1289 anum
694 1261 745 1289 ae
772 1261 895 1307 paene
919 1245 1207 1307 decrepitam.
1240 1249 1325 1293 Per
1347 1249 1461 1295 hanc
1486 1252 1593 1296 insi-

189 1336 352 1371 nuatus
376 1328 572 1383 Neroni,
599 1325 723 1371 facile
757 1343 983 1370 summum
1012 1328 1129 1371 inter
1155 1330 1322 1374 amicos
1350 1330 1498 1377 locum
1527 1344 1593 1379 te-

188 1409 287 1453 nuit
320 1409 611 1470 congruentia
640 1424 839 1464 morum3
870 1418 918 1452 ut
954 1424 1060 1452 vero
1091 1410 1274 1470 quidam
1309 1412 1524 1470 tradunt,
1552 1428 1596 1461 et

186 1489 509 1534 consuetudine
537 1489 682 1533 mutui
703 1490 847 1550 stupri
876 1506 885 1533 :
915 1506 966 1534 ac
992 1499 1165 1534 tantum
1195 1494 1396 1553 potentia
1425 1495 1594 1555 valuit,

187 1582 237 1617 ut
259 1571 520 1616 damnatum
538 1571 796 1633 repetundis
815 1570 1095 1616 consularem
1118 1575 1286 1630 virum,
1305 1576 1462 1639 ingens
1483 1596 1595 1641 prae-

186 1655 326 1699 mium
353 1664 532 1716 pactus,
561 1654 684 1716 prius
708 1670 842 1716 quam
864 1653 994 1715 plane
1025 1656 1355 1702 restitutionem
1381 1660 1421 1704 ei
1447 1660 1591 1723 impe-

189 1745 371 1793 trasset,
409 1753 498 1779 non
534 1735 748 1780 dubitarit
783 1737 829 1780 in
862 1746 1066 1780 senatum
1106 1737 1161 1782 ad
1199 1740 1391 1800 agendas
1429 1743 1594 1804 gratias

188 1816 487 1861 introducere.

255 1901 333 1944 ΠΙ.
357 1901 572 1945 Omnium
594 1911 739 1945 autem
759 1902 1046 1948 consiliorum
1072 1915 1433 1969 secretorumque
1458 1912 1595 1971 parti-

189 1998 316 2043 ceps,
347 1980 443 2038 die,
470 1998 601 2043 quem
629 1983 836 2027 necandae
870 1986 999 2028 matri
1032 1987 1152 2030 Nero
1185 1986 1509 2049 destinaverat,
1538 1992 1594 2037 ad

189 2063 451 2108 avertendas
490 2064 764 2126 suspiciones
808 2082 977 2110 coenam
1020 2069 1197 2129 utrique
1242 2071 1595 2131 exquisitissimae

190 2146 410 2190 comitatis
447 2144 581 2190 dedit.
618 2148 729 2191 Item
761 2149 997 2208 Poppaeam
1035 2150 1270 2207 Sabinam,
1307 2161 1414 2197 tunc
1448 2154 1595 2200 adhuc

191 2228 377 2271 amicam
407 2227 528 2288 ejus,
556 2226 793 2272 abductam
827 2230 1014 2287 marito,
1047 2230 1451 2296 demandatamque
1476 2236 1593 2281 inte-

192 2309 274 2352 rim
298 2308 408 2364 sibi,
435 2311 692 2370 nuptiarum
719 2310 864 2369 specie
884 2312 1062 2371 recepit.
1091 2314 1186 2357 Nec
1211 2317 1463 2376 corrupisse
1488 2334 1596 2362 con-

191 2401 364 2447 tentus,
401 2390 509 2435 adeo
542 2390 720 2447 dilexit,
758 2403 805 2436 ut
842 2410 896 2436 ne
931 2392 1112 2438 rivalem
1149 2396 1328 2456 quidem
1367 2399 1594 2444 Neronem

191 2488 316 2533 aequo
342 2471 493 2517 tulerit
513 2473 674 2517 animo.
701 2473 910 2518 Creditur
936 2484 1053 2519 certe
1079 2492 1170 2520 non
1199 2477 1332 2522 modo
1361 2479 1516 2524 missos
1539 2480 1594 2525 ad

190 2553 495 2604 arcessendam
523 2571 610 2599 non
636 2556 880 2617 recepisse,
911 2556 985 2599 sed
1014 2557 1159 2618 ipsum
1190 2559 1323 2603 etiam
1355 2560 1593 2607 exclusisse

192 2635 416 2696 quondam
443 2653 524 2696 pro
555 2635 725 2681 foribus
754 2637 1026 2694 adstantem,
1056 2640 1405 2702 miscentemque
1427 2642 1593 2688 frustra

194 2718 331 2761 minas
356 2728 398 2761 et
419 2735 597 2779 preces,
620 2736 669 2762 ac
695 2717 943 2780 depositum
975 2731 1293 2782 reposcentem.
1321 2724 1495 2780 Quare,
1524 2725 1590 2768 di-

389 2816 435 2843 11.
1372 2825 1394 2849 ,Δ
