1988 3439
761 261 1004 296 TIBERIUS.
1484 261 1556 309 139
1585 298 1589 302 ,

180 340 329 385 exsilio
351 341 507 386 affecit.
533 341 732 385 senatori
756 340 890 385 latum
920 340 1091 386 clavum
1118 341 1302 398 ademit,
1328 359 1461 402 quum
1489 359 1557 386 co-

179 424 398 484 gnovisset
411 458 423 479 ,
447 422 526 466 sub
552 420 757 466 kalendas
772 421 901 483 julias
921 422 1188 483 demigrasse
1208 423 1252 465 in
1273 423 1445 479 hortos,
1467 441 1555 484 quo

178 502 305 548 vilius
344 513 441 565 post
478 502 593 547 diem
634 500 747 546 aedes
787 503 832 546 in
875 503 982 546 urbe
1019 501 1298 547 conduceret.
1334 501 1478 547 Alium
1514 513 1558 547 et

179 593 395 644 quaestura
416 583 622 640 removit,
649 580 767 643 quod
795 598 998 640 uxorem,
1029 581 1173 644 pridie
1201 582 1426 627 sortitione
1454 582 1559 627 duc-

179 672 289 719 tam,
315 661 523 724 postridie
548 661 833 724 repudiasset.

242 744 446 788 XXXVI.
476 744 690 787 Externas
720 743 1001 799 cerimonias,
1037 742 1246 804 aegyptios
1273 741 1559 803 judaicosque

178 824 286 867 ritus
311 823 604 884 compescuit3
632 823 813 880 coactis,
844 823 916 884 qui
944 823 1254 883 superstitione
1279 839 1331 867 ea
1353 823 1561 867 teneban-

178 914 270 960 tur,
295 902 519 966 religiosas
540 914 680 949 vestes
705 920 804 948 cum
828 904 1119 948 instrumento
1143 904 1261 948 omni
1286 903 1559 949 comburere.

176 983 427 1030 Judaeorum
451 985 750 1045 juventutem,
773 1000 853 1046 per
873 985 1063 1046 speciem
1087 984 1370 1039 sacramenti,
1392 984 1435 1027 in
1463 1000 1562 1044 pro-

177 1065 341 1110 vincias
360 1055 570 1127 gravi-oris
590 1064 686 1110 coeli
705 1065 925 1110 distribuit
944 1083 952 1110 ε
975 1064 1166 1126 reliquos
1187 1065 1325 1126 gentis
1345 1063 1538 1125 ejusdem
1551 1098 1562 1119 ,

177 1145 246 1190 vel
269 1145 426 1191 similia
455 1156 694 1200 sectantes,
723 1147 831 1191 urhe
860 1147 1121 1203 summovit,
1147 1145 1227 1190 sub
1252 1161 1380 1206 poena
1406 1161 1563 1205 perpe-

179 1235 262 1270 tuae
298 1227 543 1283 servitutis,
580 1228 662 1270 nisi
695 1227 1083 1288 obtemperassent.
1113 1225 1293 1286 Expulit
1323 1234 1365 1268 et
1392 1225 1562 1268 mathe-

177 1307 360 1351 maticos
381 1324 389 1350 z
413 1306 488 1351 sed
509 1307 867 1368 deprecantibus,
893 1324 967 1364 ac,
987 1324 1032 1350 se
1053 1316 1191 1350 artem
1209 1304 1447 1362 desituros,
1469 1321 1565 1366 pro-

178 1386 476 1440 mittentibus,
506 1388 680 1430 veniam
709 1386 843 1431 dedit.

239 1467 471 1511 XXXVII.
496 1468 548 1510 In
572 1468 722 1527 primis
744 1466 915 1511 tuendae
945 1468 1063 1527 pacis
1088 1484 1114 1510 a
1144 1466 1402 1528 grassaturis
1427 1481 1476 1510 ac
1504 1464 1565 1509 la-

178 1546 374 1590 trociniis
394 1546 746 1608 seditionumque
776 1546 951 1591 licentia
977 1563 1127 1591 curam
1152 1546 1318 1590 habuit.
1347 1546 1564 1590 Stationes

177 1625 367 1671 militum
382 1643 461 1688 per
476 1626 646 1671 Italiam
666 1626 794 1672 solito
816 1626 1136 1688 frequentiores
1161 1626 1387 1688 disposuit.
1411 1629 1564 1671 Romae

178 1717 320 1751 castra
363 1708 609 1765 constituit,
654 1708 812 1769 quibus
860 1709 1132 1769 praetorianae
1172 1708 1403 1764 cohortes,
1445 1723 1565 1768 vagae

178 1796 280 1832 ante
300 1787 343 1831 id
366 1797 556 1849 tempus,
581 1798 623 1832 et
645 1805 724 1850 per
745 1788 936 1850 hospitia
961 1788 1190 1850 dispersae,
1216 1789 1562 1832 continerentur.

177 1867 418 1930 Populares
446 1868 658 1914 tumultus
689 1879 731 1913 et
759 1870 1156 1931 ortos'gravissime
1180 1870 1375 1914 coercuit
1392 1903 1403 1922 ,
1426 1877 1488 1922 et,
1510 1884 1566 1911 ne

178 1950 421 2006 orirentur,
448 1949 600 1994 sedulo
628 1951 756 1994 cavit.
780 1949 910 1995 Caede
934 1951 977 1993 in
1005 1950 1178 1994 theatro
1200 1966 1280 2010 per
1301 1948 1564 1993 discordiam

178 2029 387 2085 admissa,
423 2031 566 2092 capita
601 2030 840 2075 factionum
877 2040 919 2074 et
955 2031 1209 2086 histriones,
1243 2039 1424 2091 propter
1456 2045 1566 2089 quos

180 2110 498 2169 dissidebatur,
529 2111 759 2174 relegavit3
786 2128 887 2169 nec,
909 2121 955 2156 ut
985 2120 1230 2167 revocaret,
1253 2127 1447 2171 unquam
1468 2108 1567 2154 ullis

181 2191 330 2253 populi
363 2193 565 2253 precibus
596 2194 740 2254 potuit
774 2194 927 2237 evinci.
961 2194 1112 2251 Quum
1156 2190 1402 2236 Pollentina
1443 2189 1568 2252 plebs

182 2272 310 2316 sunus
335 2273 560 2333 cujusdam
592 2272 873 2333 primipilaris
907 2289 996 2317 non
1019 2274 1139 2334 prius
1164 2290 1216 2317 ex
1241 2272 1337 2316 foro
1360 2272 1567 2324 misisset,

181 2370 314 2414 quam
333 2362 504 2397 extorta
523 2354 708 2414 pecunia
729 2369 807 2413 per
830 2354 916 2396 vim
935 2352 1172 2397 heredibus
1188 2352 1241 2397 ad
1261 2352 1575 2414 gladiatorium·

182 2450 362 2489 munus;
389 2434 617 2478 cohortem
643 2433 698 2477 ab
724 2433 854 2490 urbe,
879 2443 922 2477 et
945 2432 1075 2477 aliam
1096 2449 1120 2476 a
1137 2434 1273 2477 Cottii
1295 2448 1453 2493 regno,
1481 2430 1567 2474 dis-

180 2514 384 2560 simulata
422 2515 587 2558 itineris
623 2531 772 2570 causa,
806 2513 986 2557 detectis
1018 2523 1199 2574 repente
1233 2514 1385 2569 armis,
1420 2512 1568 2556 conci-

182 2596 483 2657 nentibusque
505 2597 663 2657 signis,
690 2612 769 2657 per
795 2595 987 2638 diversas
1016 2604 1163 2654 portas
1190 2595 1233 2637 in
1255 2592 1466 2654 oppidum
1492 2592 1569 2635 im-

184 2677 324 2733 misit3
369 2694 418 2722 ac
461 2687 628 2738 partem
671 2677 880 2736 majorem
919 2675 1060 2735 plebei
1103 2692 1152 2718 ac
1196 2673 1482 2718 decurionum
1524 2673 1567 2718 in
