1988 3439
743 265 980 301 TIBERIUS.
1486 284 1498 305 1
1509 270 1528 305 3
1537 269 1556 305 5

181 347 301 390 tiuua
333 349 529 391 oratione
564 347 764 391 blandius
800 347 853 392 de
880 365 925 392 se
952 348 1189 407 diceretur,
1218 369 1304 395 non
1336 354 1558 398 dubitaret

182 426 484 489 interpellare,
515 444 564 472 ac
601 428 942 489 reprehendere,
966 440 1008 473 et
1036 440 1307 476 commutare
1333 435 1555 478 continuo.

182 509 402 552 Dominus
425 506 667 569 appellatus
695 525 720 552 a
745 508 937 569 quodam
953 545 964 566 ,
988 510 1293 568 denunciavit,
1321 529 1375 556 ne
1400 530 1444 556 se
1468 530 1558 557 am·

181 586 294 647 plius
311 586 585 632 contumeliae
607 605 737 632 causa
760 591 1021 634 nominaret.
1042 590 1187 635 Alium
1207 590 1447 647 dicentem,
1468 609 1562 636 «sa-

178 684 273 712 cras
304 669 397 729 ejus
426 670 794 730 occupationes,»
829 679 873 713 ct
905 687 1057 715 rursus
1088 670 1245 729 alium,
1271 692 1291 713 «
1310 682 1490 716 auctore
1511 689 1562 716 eo

179 757 378 792 senatum
419 765 464 793 se
502 748 669 807 adisse,
697 770 717 791 υ
756 751 888 795 verba
928 762 1126 807 mutare,
1166 761 1207 796 et
1239 769 1321 814 pro
1355 762 1560 806 auctore,

177 844 403 873 suasorem
418 847 436 884 ,·
460 846 541 890 pro
562 832 705 875 sacris
719 866 730 887 ‚
755 831 999 877 laboriosas
1022 832 1166 876 dicere
1188 834 1343 894 coegit.

239 911 444 961 XXVIII.
469 910 554 955 Sed
575 921 618 956 et
637 911 844 956 adversus
869 914 1065 957 convicia
1089 913 1317 974 malosque
1340 931 1561 970 rumores,

176 1000 219 1034 et
241 989 404 1034 famosa
426 990 481 1035 de
500 1008 544 1035 se
563 1008 615 1036 ac
635 994 723 1037 suis
748 995 943 1037 carmina
958 1029 969 1050 ‚
997 993 1148 1038 firmus
1176 1011 1226 1038 ac
1250 995 1441 1055 patiens,
1460 995 1562 1038 sub-

178 1070 279 1115 inde
311 1071 529 1132 jactabat,
567 1094 586 1113 «
615 1074 655 1117 in
691 1074 868 1117 civitate
895 1073 1031 1118 libera
1060 1073 1256 1136 linguam
1284 1085 1564 1135 mentemque

179 1151 334 1196 liberas
361 1170 452 1196 esse
479 1153 650 1197 debere.
674 1175 693 1195 »
721 1157 776 1198 Et
799 1154 1049 1215 quondam,
1081 1165 1234 1198 senatu
1264 1156 1562 1216 cognitionem

178 1232 231 1276 de
246 1233 462 1293 ejusmodi
481 1235 738 1278 criminibus
758 1252 806 1278 ac
828 1237 910 1278 reis
935 1235 1185 1295 flagitante,
1212 1256 1232 1276 «
1247 1238 1349 1280 Non
1369 1245 1563 1289 tantum,

178 1315 346 1373 inquit,
374 1315 449 1357 otii
478 1314 710 1370 habemus,
733 1326 778 1359 ut
801 1315 1024 1376 implicare
1048 1333 1127 1360 nos
1154 1315 1355 1377 pluribus
1382 1317 1564 1376 negotiis

177 1393 425 1437 debeamus.
450 1394 494 1437 Si
518 1395 629 1438 hanc
647 1394 883 1438 fenestram
905 1397 1192 1456 aperueritis,
1219 1395 1327 1439 nihil
1352 1395 1469 1439 aliud
1496 1398 1564 1456 agi

176 1475 324 1518 sinetis
358 1492 367 1518 :
404 1476 603 1518 omnium
635 1475 872 1518 inimicitiae
903 1476 984 1520 hoc
1016 1486 1227 1536 praetextu
1258 1477 1312 1520 ad
1341 1494 1420 1520 nos
1449 1477 1566 1520 defe-

177 1565 339 1599 rentur.
362 1575 382 1596 »
410 1557 561 1600 Exstat
589 1567 630 1599 et
655 1573 799 1600 sermo
828 1558 920 1617 ejus
950 1559 992 1600 in
1024 1568 1177 1601 senatu
1208 1558 1455 1618 percivilis:
1483 1560 1565 1602 «Si

176 1635 352 1696 quidem
378 1635 547 1680 locutus
575 1637 702 1680 aliter
725 1638 880 1694 fuerit,
905 1638 1019 1681 dabo
1045 1656 1225 1699 operam
1241 1675 1252 1696 ,
1280 1649 1323 1683 ut
1350 1640 1564 1683 rationem

177 1718 389 1762 factorum
420 1734 620 1761 meorum
652 1718 960 1779 dictorumque
995 1719 1175 1764 reddam
1215 1739 1222 1763 :
1253 1721 1285 1764 si
1321 1736 1569 1781 persevera-

178 1800 312 1856 xerit,
336 1800 522 1844 invicem
548 1817 646 1843 eum
677 1799 825 1843 odero.
851 1821 869 1839 η

242 1881 404 1925 XXIX.
435 1884 578 1941 Atque
608 1881 698 1924 liaec
733 1896 784 1923 eo
815 1879 1032 1923 nobiliora
1064 1891 1187 1924 crant
1208 1917 1218 1937 ,
1254 1881 1371 1941 quod
1407 1882 1495 1942 ipse
1525 1884 1567 1925 in

177 1959 449 2021 appellandis
468 1960 816 2021 venerandisque
836 1971 874 2003 et
896 1959 1101 2022 singulis,
1117 1971 1160 2004 et
1176 1963 1410 2018 universis,
1432 1979 1569 2023 prope

178 2052 422 2085 excesserat
456 2041 743 2085 humanitatis
779 2041 971 2084 modum.
1004 2042 1278 2086 Dissentiens
1314 2044 1354 2086 in
1390 2043 1511 2086 curia
1543 2060 1567 2086 a

177 2123 234 2179 Q.
260 2123 467 2178 Haterio,
490 2124 733 2184 «Ignoscas
750 2159 760 2175 ‚
790 2123 956 2182 inquit,
988 2139 1096 2183 rogo
1113 2158 1123 2178 ,
1155 2125 1186 2166 si
1223 2123 1327 2183 quid
1359 2122 1568 2167 adversus

178 2214 219 2247 te
248 2203 426 2247 liberius
445 2238 455 2258 ‚
479 2204 592 2247 sicut
612 2215 813 2259 senator,
840 2203 1006 2247 dixero.
1030 2224 1050 2244 υ
1075 2206 1130 2248 Et
1157 2205 1258 2248 inde
1281 2222 1433 2249 omnes
1465 2204 1569 2248 allo-

177 2301 315 2344 quens
342 2302 351 2327 :
380 2303 398 2323 α
418 2285 520 2328 Dixi
549 2294 591 2326 ct
622 2300 764 2338 nunc,
790 2294 832 2327 ct
856 2300 967 2343 saepe
992 2284 1124 2340 alias,
1155 2288 1199 2329 P.
1227 2288 1303 2342 (2,
1332 2286 1496 2329 bonum
1527 2294 1568 2328 ct

177 2364 412 2408 salutarem
446 2364 714 2424 principem,
747 2380 876 2423 quem
907 2380 981 2407 vos
1007 2374 1126 2408 tanta
1150 2375 1192 2408 ct
1218 2375 1304 2409 tam
1330 2365 1466 2409 libera
1495 2382 1567 2425 po—

178 2454 331 2489 testate
360 2445 622 2488 instruxistis
639 2479 650 2501 ,
676 2445 844 2487 senatui
876 2445 1040 2487 servire
1069 2444 1230 2489 debere
1247 2481 1258 2501 ,
1285 2455 1329 2489 et
1353 2447 1566 2489 universis

176 2527 342 2570 civibus
372 2542 510 2586 saepe,
549 2536 590 2569 ct
627 2525 886 2585 plerumque
919 2526 1049 2568 etiam
1083 2525 1264 2587 singulis
1298 2545 1307 2570 z
1347 2543 1488 2586 neque
1524 2526 1563 2569 id

176 2607 335 2650 dixisse
367 2623 436 2650 me
471 2607 674 2666 pii-nitet,
711 2618 750 2650 ct
787 2607 924 2651 bonos
958 2616 999 2650 et
1031 2623 1175 2667 aequos
1203 2617 1243 2650 et
1273 2607 1466 2650 savemcs
1491 2624 1564 2649 vos

179 2687 307 2731 habui
336 2686 560 2741 dominos,
589 2696 630 2729 ct
654 2686 795 2731 adliur
823 2688 978 2731 ludu-o.
1005 2710 1021 2727 ι,
