1971 3342
393 262 464 284 212
932 252 968 284 (ἶ.
995 253 1226 286 SUETONII

395 333 618 393 propalam
659 334 895 378 contemtui
936 345 1057 378 esset.
1097 337 1319 377 Excusans
1363 335 1540 394 quidam
1565 341 1759 394 ⁴testem,

393 431 417 457 e
446 415 670 474 provincia
698 415 752 457 ab
780 432 830 457 eo
857 424 1085 468 vocatum,
1122 417 1292 475 negavit
1320 426 1475 475 praesto
1500 433 1589 460 esse
1615 434 1761 476 posse⁷

393 492 663 538 dissimulata
701 495 773 537 diu
804 511 954 549 causa3
993 511 1042 537 ac
1070 506 1166 554 post
1192 494 1341 556 longas
1374 496 1547 540 demum
1580 497 1765 541 interro-

396 576 614 634 gationes,
639 576 880 618 «Mortuus
913 584 1035 630 est‚»
1062 576 1231 635 inquit:
1259 585 1417 636 «puto,
1443 575 1616 620 licuit.»
1644 577 1765 621 Alius

401 656 560 715 gratias
601 672 752 716 agens,
791 655 909 715 quod
944 672 1063 698 reum
1100 655 1269 698 defendi
1304 665 1546 716 pateretur,
1583 656 1765 717 adjecit:

397 737 486 778 «Et
510 745 655 778 tamen
686 735 778 778 fieri
816 734 974 778 solet.»
1006 734 1119 778 Illud
1142 752 1317 796 quoque
1346 752 1370 779 a
1400 736 1636 796 majoribus
1662 747 1768 781 natu

398 814 624 858 audiebam
642 850 652 870 ,
680 814 787 858 adeo
816 816 1055 860 causidicos
1088 817 1297 876 patientia
1332 816 1423 877 ejus
1448 815 1597 861 solitos
1622 818 1769 872 abuti,

400 905 446 938 ut
466 894 799 939 descendentem
825 913 847 939 e
872 896 1079 940 tribunali
1100 915 1185 941 non
1210 897 1350 941 solum
1370 914 1475 941 voce
1494 908 1770 953 revocarent,

400 975 473 1019 sed
503 987 544 1020 et
566 976 722 1020 lacinia
748 986 857 1037 togae
884 987 1072 1033 retenta
1098 978 1318 1023 inte1dum
1345 978 1451 1038 pede
1477 979 1771 1038 appoehenso,

402 1055 659 1100 detineient.
685 1059 748 1100 Ac
774 1074 828 1100 ne
859 1058 928 1100 cui
958 1058 1050 1100 haec
1077 1058 1187 1101 mira
1214 1059 1322 1110 sint
1350 1057 1557 1119 litigatori
1585 1057 1773 1119 g1aeculo

404 1152 488 1178 vox
514 1136 556 1178 in
583 1135 865 1180 altercatione
892 1138 1080 1180 excidit:
1103 1139 1192 1181 Καὶ
1218 1157 1268 1182 συ
1289 1156 1452 1195 yspcov
1438 1143 1499 1193 εἴ,
1526 1144 1594 1182 καὶ
1617 1156 1774 1196 μωρος.

405 1217 607 1275 Equitem
648 1216 824 1276 quidem
876 1234 1129 1273 lollianum,
1182 1218 1475 1262 obscoenitatis
1516 1219 1561 1261 in
1595 1217 1776 1261 feminas

406 1313 549 1352 reum,
589 1296 660 1340 sed
698 1297 804 1340 falso
840 1308 882 1341 et
926 1298 979 1341 ab
1018 1299 1330 1359 impotentibus
1372 1299 1558 1342 inimicis
1589 1298 1778 1342 conficto

404 1378 614 1434 crimine,
653 1379 755 1422 satis
801 1388 994 1433 constat,
1027 1396 1162 1438 quum
1210 1389 1354 1423 scorta
1395 1379 1616 1422 meritoria
1653 1379 1777 1422 citari

407 1458 613 1501 adversus
637 1475 704 1512 se,
728 1468 770 1502 et
793 1459 934 1502 audiri
960 1476 1039 1519 pro
1064 1459 1312 1503 testimonio
1330 1459 1518 1514 videret,
1545 1459 1776 1519 graphium

408 1547 450 1581 et
478 1536 671 1594 libellos,
700 1555 807 1598 quos
838 1539 1011 1582 tenebat
1034 1540 1077 1582 in
1101 1556 1257 1595 manu,
1286 1540 1342 1582 ita
1368 1556 1466 1582 cum
1489 1554 1645 1599 magna
1674 1537 1781 1581 stul-

410 1618 514 1661 titiae
538 1628 580 1662 et
608 1619 778 1661 saevitiae
805 1619 1139 1678 exprobratione
1161 1620 1313 1679 jecisse
1347 1620 1390 1662 in
1416 1619 1569 1663 faciem
1594 1618 1708 1677 ejus,
1733 1628 1782 1661 ut

408 1716 563 1759 genam
594 1716 679 1741 non
706 1697 859 1742 leviter
880 1700 1191 1759 perstrinxerit.

474 1781 596 1823 XVI.
627 1780 770 1824 Gessit
789 1788 828 1822 et
850 1795 1078 1822 censuram
1094 1814 1104 1834 ‚
1125 1780 1416 1823 intermissam
1440 1779 1514 1823 diu
1534 1788 1629 1840 post
1655 1777 1782 1822 Plan-

411 1876 510 1903 cum
551 1858 822 1918 Paulumque
857 1876 1091 1903 censores:
1125 1859 1200 1902 sed
1240 1860 1350 1904 hanc
1387 1875 1560 1920 quoque
1595 1860 1785 1918 inaequa-

411 1939 576 1995 biliter,
627 1940 836 1999 varioque
877 1950 919 1983 et
963 1941 1109 1983 animo
1153 1950 1196 1983 et
1246 1949 1417 1983 eventu.
1466 1939 1785 1999 Recognitione

413 2020 610 2079 equitum
636 2020 843 2078 juvenem
870 2020 1018 2079 probri
1049 2018 1247 2078 plenum,
1277 2018 1351 2061 sed
1379 2035 1506 2078 quem
1532 2027 1653 2078 pater
1680 2034 1783 2077 pro-

414 2100 684 2142 batissimum
730 2099 811 2141 sibi
856 2098 1129 2154 affirmabat,
1169 2099 1260 2141 sine
1309 2098 1550 2159 ignominia
1594 2097 1787 2152 dimisit,

414 2198 433 2217 «
453 2178 648 2220 habere»
678 2176 825 2220 dicens
851 2194 1105 2221 «censorem
1132 2194 1309 2221 suum.»
1337 2177 1505 2235 Alium,
1530 2176 1786 2238 corruptelis

415 2257 724 2317 adulteriisque
744 2258 973 2313 liunosum,
1002 2258 1108 2301 nihil
1129 2257 1314 2318 amplius
1338 2275 1467 2318 quam
1492 2257 1683 2311 monuit,
1706 2276 1726 2297 «
1742 2266 1788 2299 ut

419 2348 493 2381 aut
518 2338 691 2397 parcius
719 2337 901 2381 aetatulae
928 2338 1191 2399 indulgeret,
1216 2348 1290 2382 aut
1310 2348 1426 2381 certe
1451 2338 1642 2381 cautius:
1666 2356 1686 2377 »
1709 2336 1786 2379 ad-

418 2418 612 2477 diditque
629 2435 637 2460 :
659 2419 842 2475 «Quare
858 2420 974 2461 enim
990 2436 1069 2479 ego
1093 2420 1202 2472 scio,
1222 2435 1352 2479 quam
1371 2419 1554 2462 amicam
1571 2415 1787 2461 habeas&

418 2499 472 2541 Et
502 2514 663 2557 quum,
692 2499 914 2542 orantibus
943 2497 1245 2551 familiaribus,
1270 2498 1494 2542 ‹lemsisset
1518 2498 1690 2542 cuidam
1716 2512 1789 2555 ap-

420 2579 606 2637 positam
649 2588 819 2634 uotam,
856 2599 874 2619 «
898 2580 1049 2622 Litura
1092 2588 1262 2635 tamen,
1284 2599 1303 2620 »
1353 2580 1516 2639 inquit,
1555 2586 1740 2620 «exstet.
1767 2596 1787 2615 »

422 2657 707 2716 Splendidum
749 2660 913 2714 virum,
950 2660 1214 2718 Grzeciaeque
1258 2660 1491 2719 provinciae
1517 2658 1786 2718 principem,
