1988 3439
818 268 963 304 NERO.
1501 268 1572 314 267

209 355 386 400 concedi
420 356 498 400 sibi
533 364 687 400 oraret.
721 355 928 415 Inventus
956 361 1018 396 est
1054 362 1200 414 postea
1230 353 1271 395 in
1300 354 1458 397 scrinio
1484 355 1575 415 ejus

209 436 290 480 hac
321 436 373 481 de
402 454 448 481 re
475 453 615 481 sermo
648 435 858 478 formatus
883 451 891 477 :
918 433 991 478 sed
1026 433 1281 477 deterritum
1316 444 1489 494 putant,
1523 453 1576 478 nc

208 519 327 578 prius
342 553 353 574 ,
381 534 510 579 quam
534 518 577 560 in
597 518 756 560 Forum
777 515 1042 576 perveniret,
1062 513 1394 574 discerperetur.
1415 517 1485 559 Sic
1508 533 1577 560 co-

209 599 419 659 gitatione
451 599 494 641 in
525 605 748 658 posterum
771 594 885 639 diem
913 594 1066 651 dilata,
1091 594 1147 639 ad
1169 594 1358 638 mediam
1383 594 1472 638 fere
1502 613 1578 639 no·

208 688 319 722 ctem
368 678 602 734 excitatus,
646 686 696 720 ut
737 677 972 738 comperit,
1012 676 1242 720 stationem
1290 674 1478 719 militum
1511 693 1578 719 re-

208 761 403 815 cessisse,
432 757 636 820 prosiluit
665 774 688 802 e
721 756 860 812 lecto,
887 757 1090 817 misitque
1121 758 1284 801 circum
1321 758 1497 801 amicos.
1525 760 1580 801 Et

207 841 310 901 quia
344 837 450 884 nihil
480 855 505 883 a
536 855 757 900 quoquam
786 839 1142 894 renunciabatur,
1170 838 1261 898 ipse
1293 854 1392 881 cum
1430 839 1580 898 paucis

209 921 398 982 hospitia
425 919 696 982 singulorum
725 919 844 964 adiit.
866 922 1030 964 Verum
1057 917 1212 963 clausis
1247 919 1444 963 omnium
1479 920 1580 963 fori-

208 1002 308 1057 bus,
328 1000 620 1062 respondente
648 999 770 1045 nullo
786 1035 798 1057 ,
824 1002 868 1044 in
891 999 1142 1044 cubiculum
1173 999 1326 1055 rediit,
1351 999 1468 1043 unde
1488 1000 1577 1059 jani

206 1093 250 1126 et
274 1081 476 1127 custodes
499 1081 787 1144 diffugerant,
810 1080 993 1142 direptis
1017 1083 1148 1125 etiam
1175 1079 1380 1142 stragulis
1397 1115 1408 1136 ,
1435 1091 1579 1124 amota

208 1173 250 1208 et
278 1162 435 1225 pyxide
457 1164 626 1207 veneni.
647 1165 710 1207 Ac
735 1164 880 1207 statim
903 1161 1127 1224 Spiculum
1155 1161 1487 1217 mirmilloncm,
1514 1161 1579 1206 vel

207 1242 445 1305 quemlibet
467 1260 788 1305 percussorem,
813 1243 937 1303 cujus
962 1259 1093 1286 manu
1120 1244 1302 1303 periret,
1326 1243 1577 1302 requisivit:

209 1335 273 1381 et,
299 1325 472 1370 nemine
494 1334 669 1386 reperto
684 1359 696 1381 ,
719 1344 740 1366 «
759 1326 876 1386 Ergo
897 1340 997 1385 ego,
1017 1343 1037 1364 J)
1060 1324 1228 1384 inquit,
1256 1341 1279 1363 «
1297 1339 1374 1367 nec
1392 1323 1579 1366 amicum

210 1406 370 1461 habeo,
404 1421 485 1450 nec
516 1404 808 1450 inimicum?»
840 1404 1165 1465 procurritque,
1190 1403 1312 1463 quasi
1340 1403 1582 1464 praecipita-

208 1496 330 1530 turus
353 1502 397 1530 se
419 1487 464 1530 in
487 1486 692 1530 Tiberim.

270 1568 474 1612 XLVIII.
503 1567 586 1612 Sed
614 1577 817 1611 revocato
852 1582 1004 1611 rursus
1031 1567 1195 1627 impetu
1212 1599 1223 1621 ,
1251 1564 1417 1626 aliquid
1448 1582 1584 1610 secre-

206 1649 328 1692 tioris
362 1646 538 1693 latebrae
574 1648 627 1692 ad
665 1647 958 1710 colligendum
991 1650 1185 1692 animum
1218 1647 1476 1691 desideravit
1506 1665 1515 1691 :
1542 1658 1582 1691 et

207 1728 416 1774 offerente
434 1730 631 1774 Phaonte
657 1729 815 1774 liberto
836 1730 1138 1774 suburbanum
1165 1745 1291 1772 suum
1323 1729 1438 1772 inter
1466 1728 1584 1773 Sala—

211 1810 318 1853 riam
345 1819 387 1853 et
413 1810 734 1854 Nomentanam
768 1811 884 1854 viam
917 1811 1269 1870 circa‘quartum
1304 1808 1583 1857 milliarium,

212 1900 259 1934 ut
293 1900 387 1934 erat
420 1890 540 1934 nudo
570 1890 681 1952 pede
717 1901 847 1951 atque
881 1892 1126 1944 tunicatus,
1154 1888 1368 1950 paenulam
1399 1889 1580 1933 obsoleti

210 1969 368 2015 coloris
391 1971 666 2034 superinduit
688 1988 697 2014 ε
724 1971 1022 2032 adopertoque
1045 1971 1211 2031 capite,
1234 1981 1276 2014 et
1302 1980 1403 2014 ante
1431 1971 1582 2014 faciem

210 2051 389 2096 obtento
414 2051 616 2105 sudario,
642 2068 802 2113 equum
825 2051 1064 2108 inscendit,
1095 2062 1284 2112 quatuor
1313 2051 1414 2094 solis
1447 2053 1583 2095 comi-

213 2132 428 2187 tantibus,
453 2133 566 2177 inter
596 2149 706 2193 quos
728 2142 772 2176 et
798 2135 964 2194 Sporus
991 2142 1096 2176 erat.
1126 2134 1367 2193 Statimque
1397 2143 1584 2176 tremore

212 2222 358 2267 terrae,
376 2222 421 2256 et
448 2212 620 2274 fulgure
642 2212 824 2257 adverso
847 2213 1120 2274 pavefactus,
1141 2213 1280 2257 audiit
1304 2230 1355 2257 ex
1375 2214 1583 2274 proximis

212 2293 366 2337 eastris
408 2292 640 2338 clamorem
679 2293 893 2349 militum,
922 2303 964 2338 et
997 2294 1077 2338 sibi
1111 2294 1318 2352 adversa,
1356 2304 1396 2338 et
1434 2293 1585 2338 Galba·

213 2389 422 2434 prospera
443 2374 734 2418 ominantium
758 2392 766 2417 :
786 2375 917 2418 etiam
942 2390 994 2417 cx
1020 2374 1159 2418 obviis
1179 2375 1418 2419 viatoribus
1437 2391 1584 2435 quem-

214 2452 313 2497 dam
351 2452 594 2509 dicentem,
628 2456 722 2498 «Hi
768 2456 985 2498 Neronem
1031 2464 1407 2515 persequuntur3»
1451 2454 1581 2498 alium

213 2534 528 2589 sciscitantem,
553 2555 573 2576 α
592 2534 757 2596 Ecquid
779 2536 821 2579 in
847 2536 968 2580 Urbe
996 2536 1094 2579 novi
1121 2535 1172 2578 dc
1196 2536 1435 2579 Ner0n012»
1461 2538 1582 2595 liquo

213 2625 358 2659 autem
392 2609 525 2661 odore
552 2617 705 2678 abjecti
739 2619 780 2661 in
818 2619 886 2661 via
917 2618 1138 2661 cadaveris
1173 2628 1474 2670 consternato,
1510 2617 1581 2660 de-

215 2705 325 2740 tecta
347 2696 453 2742 faeie
478 2699 652 2759 agnitus
671 2708 732 2742 vsi
758 2716 779 2742 a
805 2698 992 2758 quodam
1020 2700 1208 2743 missicio
1236 2700 1515 2759 piaton-iano,
1542 2709 1583 2741 ct
