1971 3342
419 273 488 316 164
952 277 988 312 c.
1015 277 1247 312 SUEToNn

416 359 752 404 necessitudines
781 359 1018 422 reliquas),
1049 361 1122 404 diu
1147 369 1399 415 cunctatus,
1424 377 1477 405 an
1503 360 1582 404 sibi
1607 377 1774 406 sueces-

413 455 552 483 sorem
572 439 825 497 destinaret,
844 441 1140 502 adoptandum
1157 444 1331 487 Tiberio
1349 444 1515 488 dederit
1534 461 1543 487 :
1563 445 1622 487 sie
1642 443 1775 505 vulgo

415 517 679 576 favorabilis,
702 530 748 564 ut
770 520 947 581 plurimi
974 520 1163 579 tradant,
1179 525 1347 583 quoties
1366 522 1513 584 aliquo
1529 523 1773 580 adveniret,

411 598 477 643 vel
506 599 685 643 sicunde
711 599 973 657 discederet,
1007 618 1094 662 prae
1121 602 1249 647 turba
1278 604 1601 648 occurrentium
1626 619 1774 663 prose-

409 680 691 739 quentiumve
730 696 1048 741 nonnunquam
1078 698 1176 726 eum
1208 681 1439 727 discrimen
1474 685 1572 728 vitoe
1603 682 1772 727 adisse:

409 775 432 803 e
461 760 695 804 Germania
724 777 854 818 vero,
881 771 979 822 post
1002 778 1293 823 compressam
1321 762 1601 818 seditionem,
1629 779 1774 807 rever-

410 840 539 895 tenti,
571 841 850 900 praetorianas
880 842 1077 885 cohortes
1107 843 1328 887 universas
1359 843 1552 904 prodisse
1578 843 1773 898 obviam,

406 920 604 978 quamvis
634 922 970 981 pronunciatum
996 931 1127 979 esset,
1155 932 1202 966 ut
1231 922 1326 966 dnae
1355 922 1659 966 tantummodo
1685 924 1771 966 exi-

406 1008 530 1053 1²ent3
563 1000 714 1061 populi
747 1011 893 1045 autem
929 1003 1096 1046 romani
1131 1019 1303 1057 sexum,
1338 1013 1538 1060 aetatem,
1572 1002 1769 1047 ordinem

405 1094 578 1122 omnem
606 1097 742 1140 usque
769 1081 822 1124 ad
852 1083 1103 1126 vicesimum
1133 1081 1322 1142 lapidem
1352 1083 1553 1126 effudisse
1585 1099 1641 1126 se.

465 1161 520 1204 V.
547 1162 709 1204 Tamen
738 1160 866 1223 longe
893 1164 1057 1223 majora
1086 1172 1128 1207 et
1155 1163 1349 1207 firmiora
1379 1162 1431 1206 de
1457 1178 1507 1205 eo
1533 1162 1696 1222 judicia
1727 1163 1770 1206 in

403 1249 544 1283 morte
571 1257 620 1284 ae
646 1251 742 1301 post
769 1252 954 1287 mortem
975 1244 1183 1286 exstitere.
1211 1245 1314 1301 Quo
1342 1242 1570 1286 defunctus
1594 1252 1658 1286 est
1678 1242 1770 1298 die,

401 1316 590 1379 lapidata
615 1332 715 1366 sunt
740 1322 922 1383 templa,
945 1324 1160 1367 subversae
1182 1323 1311 1367 deum
1334 1340 1437 1380 arae,
1465 1326 1598 1367 Lares
1625 1340 1650 1367 a
1672 1323 1769 1383 qui-

400 1398 586 1442 busdam
608 1400 838 1446 familiares
860 1404 903 1446 in
922 1402 1144 1463 publicum
1166 1403 1339 1464 abjecti,
1360 1413 1510 1464 partus
1531 1404 1769 1464 conjugum

399 1479 597 1537 expositi.
638 1481 758 1537 Quin
791 1491 833 1524 et
862 1482 1071 1527 barbaros
1104 1482 1272 1538 serunt,
1301 1483 1459 1543 quibus
1488 1483 1767 1537 intestinum,

398 1560 644 1619 quibusque
668 1561 871 1606 adversus
893 1579 971 1607 nos
992 1562 1154 1607 bellum
1175 1573 1301 1620 esset,
1323 1562 1440 1606 velut
1463 1563 1505 1606 in
1531 1562 1768 1607 domestico

397 1642 707 1701 communique
733 1659 942 1698 moerore,
966 1645 1232 1688 consensisse
1259 1644 1311 1688 ad
1338 1645 1534 1688 inducias
1561 1661 1571 1688 ε
1597 1643 1768 1704 regulos

398 1721 615 1781 quosdam
638 1723 818 1767 barbam
835 1726 1045 1784 posuisse,
1071 1736 1113 1769 et
1142 1742 1328 1769 uxorum
1351 1725 1492 1785 capita
1516 1725 1686 1781 rasisse,
1714 1724 1769 1768 ad

397 1801 608 1846 indicium
645 1805 821 1848 maximi
848 1803 1024 1849 luctus:
1050 1823 1204 1867 regum
1236 1807 1363 1849 etiam
1395 1822 1541 1868 regem
1568 1815 1610 1849 et
1650 1821 1769 1849 exer-

395 1882 598 1927 citatione
627 1884 836 1941 venandi,
867 1895 910 1929 et
934 1888 1136 1931 convictu
1164 1887 1454 1948 megistanum
1484 1885 1764 1940 abstinuisse,

394 1962 513 2021 quod
539 1963 656 2024 apud
682 1966 866 2009 Parthos
885 1966 1042 2026 justitii
1070 1967 1206 2011 instar
1231 1977 1309 2011 est.

458 2043 533 2085 VI.
562 2045 712 2088 Romae
740 2045 914 2104 quidem
932 2081 942 2101 ‚
968 2063 1103 2106 quum
1129 2047 1183 2091 ad
1207 2048 1393 2107 primam
1417 2046 1575 2090 famam
1597 2044 1764 2089 valetu-

395 2120 509 2165 dinis
533 2124 718 2167 attonita
746 2134 788 2167 et
814 2136 965 2169 moesta
989 2127 1137 2170 civitas
1164 2136 1392 2187 sequentes
1417 2127 1599 2170 nuncios
1629 2142 1765 2187 oppe-

393 2201 568 2258 riretur,
593 2211 635 2245 et
660 2214 838 2263 repente
861 2206 951 2265 jam
980 2208 1149 2267 vesperi
1177 2207 1352 2251 incertis
1378 2207 1631 2251 auctoribus
1656 2222 1764 2250 con-

393 2279 578 2325 valuisse
609 2283 785 2327 tandem
819 2286 1160 2345 percrebuisset,
1196 2288 1354 2349 passim
1386 2304 1485 2332 eum
1525 2287 1762 2332 luminibus

391 2369 433 2403 et
461 2362 647 2406 victimis
678 2365 721 2407 in
754 2366 1023 2426 Capitolium
1051 2385 1317 2413 concursum
1351 2379 1442 2425 est,
1470 2386 1519 2414 ac
1548 2385 1669 2430 paene
1694 2384 1762 2411 re-

392 2440 522 2484 vulsae
562 2443 711 2504 templi
750 2446 896 2502 fores,
937 2465 990 2492 ne
1028 2450 1132 2508 quid
1170 2451 1402 2510 gestientes
1442 2460 1543 2494 vota
1583 2447 1762 2492 reddere

391 2533 679 2567 morarentur.
708 2528 1047 2589 Expergefaetus
1072 2546 1094 2571 e
1121 2546 1274 2573 somno
1299 2530 1497 2574 Tiberius
1522 2539 1585 2572 est
1609 2536 1758 2588 gratu-

390 2599 574 2647 lantium
595 2607 805 2663 vocibus,
818 2618 946 2668 atque
974 2608 1167 2668 undique
1196 2610 1541 2664 concinentium,
1567 2627 1587 2648 (ι
1608 2609 1757 2651 SALVA

390 2683 552 2740 Rom,
569 2700 709 2730 SALvA
732 2703 921 2744 PATRIA,
940 2705 1106 2733 sALvus
1130 2706 1205 2735 1st
1226 2685 1549 2734 Gnnmmcns!
1565 2707 1585 2729 )›
1603 2687 1685 2731 Sed
1714 2698 1760 2731 ut
