1988 3439
610 269 853 305 OCTAVIUS
875 269 1146 306 AUGUSTUS.
1507 282 1555 317 99

258 355 497 398 LXXVIH.
536 355 634 396 Post
667 352 810 395 cibum
849 351 1164 406 meridianum,
1202 353 1259 393 ita
1295 361 1338 394 ut
1378 353 1557 395 vestitus

195 433 486 493 calciatusque
516 442 633 485 erat,
668 433 839 475 retectis
872 432 1053 493 pedibus
1085 430 1306 493 paulisper
1333 433 1558 491 conquies-

194 515 338 569 cebat,
365 513 561 574 opposita
588 511 642 555 ad
668 510 817 555 oculos
840 529 987 556 manu.
1012 515 1046 556 A
1071 528 1192 555 coena
1217 510 1558 555 lucubratoriam

194 610 237 637 se
273 595 315 637 in
351 591 592 636 lecticulam
629 592 877 652 recipiebat.
912 592 1003 648 Ibi,
1038 591 1176 635 donec
1208 590 1377 634 residua
1414 590 1560 633 diurni

193 683 334 729 actus,
363 681 436 716 aut
464 672 633 728 omnia,
662 682 738 715 aut
766 688 815 715 ex
842 673 1029 716 maxima
1052 681 1198 733 parte,
1227 670 1480 726 conficeret,
1509 671 1559 713 ad

194 752 375 796 multam
405 761 577 796 noctem
608 752 901 812 permanebat.
930 754 979 796 In
1005 751 1165 795 lectum
1195 750 1294 794 inde
1318 760 1562 810 transgres-

194 849 292 887 sus,
322 847 410 875 non
438 830 650 892 amplius,
677 847 812 891 quum
841 831 1105 892 plurimum,
1133 848 1265 892 quam
1292 840 1457 891 septem
1485 830 1563 873 ho·-

193 929 284 968 ras,
313 911 581 968 dormiebat,
608 928 657 956 ac
683 928 736 955 ne
760 928 831 956 eas
855 911 1032 972 quidem
1062 912 1313 968 continuas,
1340 909 1413 954 sed
1438 920 1487 953 ut
1515 911 1558 953 in

193 991 268 1036 illo
298 993 507 1053 temporis
539 993 679 1053 spatio
710 1002 776 1036 ter
807 1003 882 1036 aut
915 1002 1069 1052 quater
1096 992 1483 1052 expergisceretur.
1518 991 1562 1033 Si

193 1072 487 1132 interruptum
506 1089 707 1116 somnum
728 1089 1007 1134 recuperare,
1030 1081 1078 1116 ut
1102 1072 1265 1126 evenit,
1288 1087 1377 1114 non
1396 1079 1564 1130 posset,

195 1151 428 1196 lectoribus
459 1163 534 1197 aut
565 1152 880 1197 fabulatoribus
912 1154 1127 1197 arcessitis
1158 1152 1430 1205 resumebat,
1462 1168 1564 1211 pro-

194 1232 466 1293 ducebatque
493 1232 608 1276 ultra
639 1234 822 1294 primam
853 1250 962 1293 saepe
994 1233 1146 1276 lucem.
1177 1235 1271 1276 Nec
1302 1234 1344 1274 in
1380 1232 1566 1275 tenebris

195 1311 387 1373 vigilavit
414 1330 626 1372 unquam,
651 1314 730 1356 nisi
752 1313 965 1356 assidente
990 1313 1149 1372 aliquo.
1175 1313 1395 1356 Matutina
1421 1310 1567 1372 vigilia

193 1391 497 1436 offendebatur
525 1409 533 1434 :
563 1408 612 1435 ac
638 1393 671 1434 si
698 1390 764 1434 vel
788 1391 942 1446 officii,
969 1391 1035 1434 vel
1062 1392 1171 1434 sacri
1198 1407 1325 1434 causa
1354 1392 1567 1434 maturius

193 1470 487 1533 evigilandum
515 1480 645 1526 esset,
669 1487 722 1514 ne
751 1470 795 1513 id
821 1480 973 1513 contra
1001 1469 1280 1513 commodum
1311 1470 1495 1526 faceret,
1523 1471 1566 1513 in

194 1553 394 1612 proximo
418 1552 717 1612 cujuscunque
741 1550 1081 1595 domesticorum
1106 1549 1329 1594 coenaculo
1352 1551 1565 1594 manebat.

194 1633 263 1677 Sic
289 1649 464 1693 quoque
491 1649 602 1692 saepe
626 1632 827 1693 indigens
852 1633 1012 1687 somni,
1042 1640 1084 1675 et
1113 1631 1216 1674 dum
1248 1648 1322 1691 per
1349 1631 1467 1674 vicos
1494 1630 1568 1673 de-

195 1722 464 1773 portaretur,
489 1722 532 1756 et
556 1712 752 1773 deposita
776 1712 947 1769 lectica,
972 1713 1085 1756 inter
1107 1711 1274 1771 aliquas
1299 1728 1442 1755 moras
1463 1728 1566 1755 con-

195 1792 451 1837 dormiebat.

258 1875 458 1918 LXXIX.
495 1876 652 1917 Forma
676 1874 755 1918 fuit
777 1875 952 1928 eximia,
973 1884 1013 1917 et
1039 1891 1117 1935 per
1139 1890 1288 1917 omnes
1312 1874 1448 1917 aetatis
1471 1890 1568 1934 gra-

196 1954 276 1998 dus
305 1955 630 2010 venustissima3
660 1971 922 2015 quamquam
954 1965 995 1997 et
1026 1956 1166 1999 omnis
1198 1954 1401 1997 lenocinii
1432 1952 1568 2014 negli-

196 2051 322 2096 gens,
351 2044 393 2078 et
422 2035 465 2077 in
498 2035 640 2094 capite
669 2034 881 2078 comendo
913 2045 999 2078 tani
1032 2035 1300 2089 incuriosus,
1331 2043 1377 2076 ut
1409 2034 1566 2093 raptim

195 2113 492 2175 compluribus
526 2113 652 2158 simul
687 2115 934 2158 tonsoribus
966 2131 1142 2175 operam
1179 2114 1323 2167 daret,
1356 2130 1406 2156 ac
1438 2113 1568 2156 modo

197 2193 416 2249 tonderet,
439 2194 569 2238 modo
589 2194 760 2238 raderet
779 2196 977 2250 barbam,
1000 2212 1137 2255 eoque
1163 2196 1256 2255 ipso
1279 2204 1472 2254 tempore
1492 2202 1566 2236 aut

199 2272 357 2334 legeret
387 2271 575 2332 aliquid,
605 2284 680 2316 aut
708 2275 837 2317 etiam
869 2275 1089 2318 scriberet.
1117 2274 1256 2318 Vultu
1286 2285 1398 2330 crat,
1429 2273 1493 2317 vel
1526 2274 1567 2316 in

197 2369 416 2408 sermone,
441 2351 503 2395 vel
531 2353 707 2407 tacitus,
731 2352 838 2395 adeo
861 2353 1096 2413 tranquillo
1121 2371 1381 2415 serenoque,
1406 2364 1454 2397 ut
1478 2355 1570 2413 qui-

197 2433 295 2476 dam
321 2449 343 2474 e
364 2432 629 2492 primoribus
651 2431 895 2475 Galliarum
917 2433 1140 2476 confessus
1161 2436 1214 2477 sit
1241 2435 1354 2477 inter
1377 2451 1496 2489 suos,
1519 2450 1569 2475 co

198 2530 242 2557 se
268 2513 500 2556 inhibitum
527 2530 575 2555 ac
601 2511 892 2564 remollitum,
918 2530 1005 2572 quo
1036 2514 1203 2563 minus,
1231 2523 1272 2555 ut
1305 2514 1568 2568 destinarat,

199 2594 241 2636 in
274 2594 458 2636 transitu
485 2592 663 2652 Alpium
695 2609 771 2652 per
799 2591 1117 2635 siniulatismein
1154 2593 1359 2652 colloquii
1393 2594 1569 2653 propius

199 2672 430 2727 admissus,
454 2674 495 2715 in
520 2674 804 2732 princ-ipitium
829 2672 1103 2733 propelleret.
1129 2673 1292 2716 Oculos
1313 2674 1464 2716 habuit
1486 2672 1570 2715 ‹la-

1337 2770 1359 2778 .-
