1988 3439
783 244 926 280 NERO.
1455 248 1526 284 255

178 327 373 369 Locustae
399 342 476 386 pro
505 337 652 372 navata
685 343 815 387 opera
844 327 1142 386 impunitatem
1170 329 1409 390 praediaque
1440 349 1527 376 am-

177 403 271 464 pla,
296 405 368 448 sed
392 415 433 449 et
458 405 686 466 discipulos
711 405 841 449 dedit.

242 487 446 529 XXXIV.
485 487 693 542 Matrem,
731 485 843 529 dicta
883 486 1080 546 factaque
1120 504 1195 532 sua
1232 491 1524 549 exquirentem

175 564 368 608 acerbius
390 574 431 608 et
456 565 766 625 corrigentem,
792 565 997 610 hactenus
1022 568 1163 628 primo
1185 570 1459 629 gravabatur,
1481 582 1527 615 ut

176 643 334 688 invidia
373 643 605 687 identidem
642 655 868 700 oneraret,
914 647 1034 706 quasi
1079 663 1276 692 cessurus
1321 650 1525 709 imperio⁹

173 723 461 784 Rhodumque
482 723 677 768 abiturus
698 741 706 767 :
728 741 826 768 mox
852 734 892 769 et
918 725 1083 770 honore
1108 727 1226 770 omni
1251 737 1291 771 et
1314 738 1526 788 potestate

172 804 382 863 privavit;
406 802 678 864 abductaque
701 803 886 848 militum
910 814 951 848 et
978 807 1296 851 Germanorum
1317 809 1525 861 statione,

171 882 453 926 contubernio
487 899 661 943 quoque
697 900 746 928 ac
785 882 944 945 palatio
980 884 1155 946 expulit.
1189 887 1342 947 Neque
1379 889 1422 932 in
1461 888 1524 932 di-

170 960 360 1005 vexanda
375 963 603 1022 quicquam
622 964 742 1024 pensi
763 964 912 1007 habuit
926 999 937 1020 ‚
954 966 1188 1010 summissis
1200 1000 1211 1022 ‚
1227 968 1299 1027 qui
1315 977 1357 1011 et
1377 971 1524 1012 Romae

169 1051 408 1085 morantem
436 1041 604 1098 litibus,
630 1044 737 1087 etin
765 1059 929 1088 secessu
960 1045 1249 1104 quiescentem
1275 1063 1351 1107 per
1380 1049 1526 1092 convi-

167 1121 232 1164 cia
255 1130 298 1164 et
317 1121 461 1180 jocos,
491 1132 601 1166 terra
625 1124 818 1183 marique
834 1125 1196 1184 praetervehentes
1219 1127 1521 1186 inquietarent.

166 1200 331 1244 Verum
356 1202 483 1245 minis
508 1202 598 1261 ejus
623 1219 671 1246 ac
697 1201 898 1247 violentia
924 1205 1097 1248 territus
1113 1239 1123 1257 ‚
1161 1205 1338 1265 perdere
1361 1208 1520 1250 statuit.

167 1282 220 1324 Et
256 1296 390 1341 quum
427 1291 493 1324 ter
528 1298 691 1325 veneno
729 1292 954 1338 tentasset,
1000 1285 1262 1344 sentiretque
1317 1285 1523 1330 antidotis

167 1360 492 1419 p1·aemunitam;
522 1359 765 1414 lacunaria,
795 1379 887 1421 quae
924 1371 1053 1406 noctu
1087 1379 1214 1423 super
1240 1364 1522 1409 dormientem

166 1438 305 1482 laxata
335 1438 533 1483 machina
568 1438 838 1495 deciderent,
881 1442 1061 1500 paravit.
1092 1445 1185 1485 Hoc
1223 1444 1403 1488 consilio
1447 1462 1524 1505 per

166 1518 359 1563 conscios
383 1534 534 1579 parum
559 1518 697 1563 celato
714 1554 725 1575 ‚
751 1519 965 1564 solutilem
987 1537 1164 1576 navem,
1188 1523 1310 1582 cujus
1334 1523 1401 1567 vel
1427 1542 1524 1569 nau-

162 1598 299 1659 fragio
326 1597 392 1642 vel
419 1615 598 1642 camerae
625 1601 749 1643 ruina
775 1600 956 1660 periret,
981 1611 1249 1646 commentus
1274 1613 1350 1646 est.
1382 1607 1523 1665 Atque

163 1679 222 1722 ita
246 1676 597 1722 reconciliatione
621 1678 817 1723 simulata
833 1715 844 1734 ,
872 1680 1196 1740 jucundissimis
1223 1680 1375 1729 litteris
1400 1686 1522 1728 Baias

161 1758 356 1801 evocavit
375 1757 429 1801 ad
452 1757 674 1802 sollemnia
701 1760 1058 1819 Quinquatruum
1087 1760 1213 1804 simul
1235 1761 1490 1808 celebranda
1510 1782 1521 1817 ;

160 1837 346 1898 datoque
362 1838 537 1897 negotio
555 1839 817 1890 trierarchis‚
832 1841 905 1899 qui
931 1838 1188 1883 liburnicam
1201 1875 1211 1895 ,
1240 1858 1323 1901 qua
1340 1842 1521 1888 advecta

161 1926 280 1969 erat,
324 1915 439 1959 velut
471 1917 648 1960 fortuito
678 1933 890 1961 concursu
925 1918 1276 1978 confringerent,
1311 1925 1522 1980 protraxit

159 1996 418 2040 convivium.
442 1997 756 2056 Repetentique
780 1996 956 2052 Baulos,
982 1999 1022 2040 in
1061 1996 1201 2042 locum
1228 2004 1419 2061 corrupti
1445 2019 1521 2045 na-

160 2075 290 2136 vigii,
317 2075 613 2120 machinosum
641 2074 747 2119 illud
777 2075 961 2129 obtulit,
989 2076 1124 2120 hilare
1148 2089 1399 2137 prosecutus
1424 2098 1432 2123 :
1460 2092 1521 2124 at-

161 2170 244 2214 que
273 2155 315 2197 in
347 2153 539 2215 digressu
568 2153 747 2216 papillas
776 2171 949 2215 quoque
982 2155 1275 2212 exosculatus,
1307 2158 1519 2218 reliquum

162 2234 365 2294 temporis
394 2250 496 2300 'cum
530 2249 686 2294 magna
717 2233 1004 2293 trepidatione
1036 2234 1254 2295 vigilavit,
1280 2248 1518 2298 coeptorum

161 2313 391 2373 opperiens
415 2313 589 2356 exitum.
615 2312 697 2355 Sed
725 2322 770 2355 ut
791 2311 957 2356 diversa
980 2314 1124 2356 omnia
1140 2349 1150 2369 ,
1177 2316 1405 2377 nandoque
1424 2336 1520 2362 eva-

160 2394 263 2436 sisse
285 2408 403 2447 eam,
427 2393 663 2452 comperit,
692 2394 816 2453 inops
841 2391 1034 2446 consilii,
1062 2395 1108 2436 L.
1133 2396 1369 2454 Agerinum
1393 2396 1520 2441 liber-

162 2483 252 2516 tum
273 2472 384 2532 ejus,
404 2470 560 2515 salvam
579 2481 620 2515 et
637 2471 896 2516 incolumem
917 2489 1015 2516 cum
1039 2471 1196 2533 gaudio
1222 2476 1493 2519 nunciantem
1507 2511 1517 2527 ‚

160 2552 326 2611 abjecto
354 2551 464 2595 clam
488 2552 611 2613 juxta
640 2554 852 2613 pugione,
873 2563 918 2596 ut
945 2569 1237 2613 percussorem
1267 2554 1344 2596 sibi
1374 2555 1519 2598 subor-

163 2640 309 2675 natum
347 2632 478 2692 arripi
514 2633 836 2693 constringique
866 2634 1015 2693 jussit,
1053 2642 1318 2692 matremque
1355 2634 1518 2691 occidi;
