1988 3439
721 269 960 305 TIBERIUS.
1466 264 1534 301 155

226 357 380 399 LXIV.
419 355 590 398 Nurum
615 369 664 396 ac
687 361 868 413 nepotes
891 366 1117 412 nunquam
1143 350 1269 394 aliter
1296 361 1394 412 post
1418 349 1535 394 dam-

163 437 404 487 nationem,
431 451 561 495 quam
579 442 823 490 catenatos,
845 433 1091 492 obsutaque
1118 430 1291 486 lectica,
1316 429 1412 475 loco
1436 447 1531 475 mo-

163 518 243 573 vit;
271 516 503 578 prohibitis
523 530 600 576 per
620 511 802 558 militem
828 512 967 557 obviis
987 529 1037 557 ac
1055 512 1297 557 viatoribus
1319 513 1534 573 respicere

163 614 368 658 usquam,
395 595 461 640 vel
487 595 735 640 consistere.
1301 650 1303 653 .

224 680 361 722 LXV.
396 677 622 737 Sejanum‚
649 692 716 720 res
749 692 883 720 novas
910 674 1162 720 molientem
1179 709 1190 731 ,
1219 673 1416 735 quamvis
1441 674 1531 734 jam

162 768 205 802 et
230 755 420 802 natalem
437 756 473 817 ej
482 773 530 801 us
545 755 719 818 publice
735 756 970 813 celebrari,
990 766 1033 800 et
1051 756 1263 817 imagines
1279 771 1433 799 aureas
1452 753 1535 798 coli

162 839 321 900 passim
336 837 503 882 videret
517 872 528 894 ,
552 839 622 882 vix
641 837 837 893 tandem,
858 847 901 882 et
914 847 1010 881 astu
1034 837 1171 898 magis
1191 852 1242 880 ac
1265 834 1387 891 dolo,
1406 851 1536 895 quam

161 917 391 980 principali
406 921 690 974 auctoritate,
711 918 939 963 subvertit.
957 918 1071 962 Nam
1099 918 1263 978 primo,
1287 924 1336 960 ut
1355 932 1380 960 a
1400 932 1443 959 se
1461 931 1538 975 per

161 1000 350 1060 speciem
384 999 563 1044 honoris
597 998 860 1055 dimitteret,
896 997 1109 1060 collegam
1143 998 1225 1042 sibi
1257 996 1459 1041 assumsit
1494 996 1538 1038 in

160 1080 316 1139 quinto
349 1078 604 1136 consulatu,
635 1096 768 1140 quem
799 1078 931 1140 longo
965 1076 1194 1122 intervallo
1225 1077 1377 1121 absens
1409 1076 1464 1120 ob
1496 1075 1539 1118 id

163 1160 305 1220 ipsum
320 1169 581 1221 susceperat.
603 1158 774 1204 Deinde
795 1176 870 1220 spe
892 1158 1113 1202 affinitatis
1129 1174 1178 1202 ac
1197 1157 1441 1201 tribuniciae
1464 1172 1542 1216 po-

166 1241 326 1284 testatis
351 1240 609 1301 deceptum,
635 1241 934 1301 inopinantem
959 1239 1215 1283 criminatus
1241 1247 1305 1282 est
1334 1235 1540 1298 pudenda

164 1321 494 1382 miserandaque
518 1322 742 1375 orationc;
772 1337 909 1381 quum
932 1320 1047 1363 inter
1075 1318 1158 1363 alia
1188 1322 1235 1363 P.
1262 1321 1312 1364 C.
1342 1333 1542 1378 precare-

164 1411 257 1456 tur,
282 1402 540 1445 «mitterent
572 1400 758 1445 alterum
791 1416 813 1443 e
842 1398 1117 1455 consulibus,
1143 1400 1219 1460 qui
1246 1415 1289 1442 se
1321 1414 1469 1442 senem
1503 1406 1546 1440 et

163 1480 304 1525 solum
333 1483 377 1525 in
405 1491 690 1542 conspectum
714 1498 867 1526 eorum
889 1498 990 1526 cum
1015 1480 1164 1542 aliquo
1191 1479 1370 1524 militari
1396 1479 1544 1540 praesi-

167 1561 240 1606 dio
276 1561 584 1624 perduceret.»
624 1563 695 1607 Sic
737 1579 914 1623 quoque
952 1560 1181 1618 diffidens,
1216 1558 1547 1619 tumultumque

163 1652 363 1688 metuens
377 1677 388 1698 ‚
411 1645 609 1687 Drusum
624 1653 832 1704 nepotem
848 1678 859 1700 ,
879 1659 1011 1704 quem
1028 1639 1221 1686 vinculis
1237 1640 1381 1685 adhuc
1397 1642 1548 1684 Romae

164 1724 441 1781 continebat,
475 1723 611 1780 solvi,
646 1725 681 1769 si
711 1741 779 1769 res
813 1734 1034 1786 posceret,
1067 1723 1311 1783 ducemque
1338 1720 1548 1766 constitui

165 1814 446 1865 praeceperat.
476 1806 647 1866 Aptatis
675 1805 805 1850 etiam
836 1805 1047 1860 navibus,
1079 1803 1134 1848 ad
1166 1818 1455 1864 quascunque
1487 1799 1550 1845 le-

165 1886 318 1947 giones
344 1885 641 1930 meditabatur
671 1886 843 1947 fugam,
873 1883 1229 1948 speculabundus
1263 1900 1315 1929 ex
1339 1881 1550 1928 altissima

166 1983 276 2028 rupe
300 1966 541 2011 identidem
566 1967 710 2028 signa,
733 1984 851 2028 quae,
878 1984 931 2012 ne
953 1968 1104 2011 nuncii
1128 1974 1426 2020 morarentur,
1456 1962 1550 2007 tolli

168 2047 347 2108 procul,
374 2057 420 2092 ut
446 2047 641 2109 quidque
672 2048 834 2092 factum
867 2048 1001 2104 foret,
1030 2046 1326 2091 mandaverat.
1358 2047 1552 2097 Verum,

168 2139 212 2172 et
231 2145 438 2190 oppressa
461 2130 763 2189 conjuratione
788 2129 953 2189 Sejani,
975 2128 1111 2172 nihilo
1133 2128 1328 2172 securior
1351 2136 1428 2170 aut
1447 2143 1550 2170 con-

168 2210 370 2264 stantior,
399 2226 478 2271 per
506 2227 664 2254 novem
695 2211 916 2271 proximos
943 2226 1112 2254 menses
1144 2225 1233 2253 non
1262 2224 1461 2270 egressus
1485 2216 1551 2251 est

170 2288 269 2333 villa
286 2325 296 2345 ,
320 2307 417 2350 quae
442 2300 624 2334 vocatur
645 2291 777 2334 Jovis.

235 2372 392 2415 LXVI.
430 2371 630 2415 Urebant
661 2372 840 2431 insuper
861 2372 1036 2415 anxiam
1067 2381 1258 2416 mentem
1287 2371 1406 2414 varia
1430 2368 1557 2412 undi-

170 2467 255 2511 que
275 2451 494 2507 convicia,
519 2450 640 2495 nullo
670 2468 757 2495 non
776 2450 1083 2494 damnatorum
1103 2468 1234 2495 omne
1251 2451 1402 2511 probri
1422 2465 1557 2510 genus

171 2548 342 2588 coram,
368 2531 435 2575 vel
462 2549 539 2593 per
573 2531 741 2577 libellos
771 2534 814 2576 in
839 2533 1061 2577 orchestra
1090 2533 1274 2593 positos,
1314 2532 1552 2592 ingerente.

173 2611 350 2669 Quibus
377 2610 554 2672 quidem
582 2612 870 2657 diversissime
895 2612 1167 2656 afficiebatur
1189 2629 1197 2654 :
1218 2610 1369 2667 inodo,
1396 2620 1442 2654 ut
1471 2626 1558 2671 pra}

177 2692 343 2753 pudore
375 2695 523 2754 ignota
557 2704 596 2736 ct
633 2692 767 2738 celata
805 2704 958 2737 runt-ta
999 2702 1203 2752 rupert-[3
1239 2707 1558 2751 nonnunquam
