1988 3439
160 264 343 278 m
348 264 404 277 m
410 264 466 276 w..
471 261 525 276 um·-
533 261 651 275 mm
655 257 897 273 ,νυινυνιυυνιννιη
903 257 959 269 νιν·
965 256 1144 269 ωννιιννιιννι
1152 256 1176 268 n
1184 257 1206 268 m
1212 255 1296 268 sxvxvx
1301 255 1329 268 νι
1334 254 1516 269 summam

581 464 1092 534 CLAUDIUS.

160 919 195 960 Ι.
289 931 441 961 ΑΤΒΕΜ
471 914 644 960 Claudii
679 915 860 961 Caesaris
883 916 1101 971 Drusum,
1134 912 1239 958 olim
1267 913 1524 969 Decimum,

160 1013 262 1040 mox
297 998 514 1042 Neronem
541 997 828 1058 praenomine,
852 997 998 1053 Livia,
1029 1012 1165 1057 quum
1194 997 1392 1057 Augusto
1422 1010 1522 1056 gra-

159 1076 259 1121 vida
291 1078 524 1138 nupsisset,
561 1078 674 1122 intra
705 1093 894 1121 mensem
916 1077 1092 1120 tertium
1125 1076 1326 1137 peperit:
1356 1074 1523 1135 fuitque

161 1158 368 1219 suspicio,
410 1174 461 1201 ex
496 1158 653 1202 vitrico
688 1174 765 1218 per
799 1155 999 1201 adulterii
1030 1155 1389 1200 consuetudinem
1422 1171 1525 1217 pro-

162 1246 367 1281 creatum.
395 1238 549 1281 Statim
574 1247 688 1281 certe
710 1236 910 1298 vulgatus
928 1247 992 1280 est
1014 1252 1164 1280 versus
1189 1253 1198 1279 ε

370 1366 440 1402 Τοῖς
458 1366 620 1407 &bruy-2561
637 1364 691 1396 καὶ
707 1364 843 1408 τρῖμηνα.
861 1361 991 1396 παιδία.

165 1470 206 1512 Is
226 1469 398 1512 Drusus
423 1467 466 1510 in
495 1475 721 1526 quaesturae
741 1475 1024 1526 praeturaeque
1046 1466 1213 1509 honore
1238 1465 1325 1509 dux
1343 1466 1529 1523 rhaefflci,

166 1546 323 1591 deinde
353 1546 589 1608 germanici
614 1544 736 1601 belli,
759 1548 983 1590 Oceanum
1009 1544 1405 1607 septemtrionalem
1442 1547 1530 1607 pri-

164 1643 261 1671 mus
289 1642 571 1670 romanorum
592 1625 750 1669 ducum
783 1626 1005 1687 navigavit
1031 1642 1040 1668 :
1073 1635 1191 1669 trans
1215 1625 1418 1669 Rhenum
1446 1626 1532 1670 fos-

164 1723 232 1751 sas
271 1707 372 1750 novi
415 1715 457 1751 et
495 1706 693 1750 immensi
723 1706 868 1767 operis
901 1705 1061 1762 effecit,
1098 1722 1194 1766 quae
1229 1722 1346 1749 nunc
1389 1705 1533 1750 adhuc

165 1787 381 1831 Drusinoe
399 1796 612 1831 vocantur
638 1803 647 1830 ε
674 1786 841 1830 hostem
857 1787 987 1830 etiam
1013 1787 1260 1846 frequenter
1276 1802 1433 1830 caesum
1449 1820 1460 1841 ,
1483 1802 1533 1829 ac
1551 1814 1553 1817 v

166 1868 341 1928 penitus
369 1868 412 1910 in
435 1868 606 1911 intimas
629 1865 885 1911 solitudines
908 1877 1074 1923 actum,
1101 1884 1189 1911 non
1216 1868 1336 1928 prius
1370 1867 1535 1911 destitit

166 1947 357 2009 insequi,
392 1964 523 2007 quam
567 1948 732 2008 species
766 1948 960 1991 barbaroe
984 1947 1198 2004 mulieris,
1226 1948 1415 1991 humana
1441 1965 1532 1991 am-

166 2026 300 2089 plior,
324 2028 534 2072 victorem
553 2027 730 2071 tendere
747 2026 885 2079 ultra,
909 2044 1105 2071 sermone
1124 2027 1261 2071 latino
1288 2027 1536 2087 prohibuis-

168 2116 244 2151 set.
278 2109 402 2165 Quas
436 2106 492 2151 ob
522 2123 589 2151 res
615 2106 775 2152 ovandi
798 2107 868 2168 jus
900 2116 941 2151 et
977 2106 1256 2168 triumphalia
1278 2116 1537 2151 ornamenta

169 2188 383 2248 percepit;
415 2203 464 2231 ac
502 2197 600 2248 post
638 2196 871 2249 praeturam
898 2187 1124 2231 confestim
1150 2188 1257 2231 inito
1282 2186 1508 2232 consulatu
1525 2222 1536 2242 ,

171 2277 299 2326 atque
321 2266 592 2327 expeditione
613 2267 816 2327 repetita,
841 2283 1091 2327 supremum
1115 2267 1230 2311 diem
1254 2268 1407 2311 morbo
1428 2267 1536 2311 obiit

171 2349 217 2391 in
249 2347 408 2390 aestivis
447 2347 619 2402 castris,
647 2363 741 2406 quse
766 2363 816 2390 ex
839 2363 888 2390 co
915 2347 1134 2391 Scelerata
1166 2357 1267 2391 sunt
1299 2346 1531 2408 appellata.

173 2429 344 2488 Corpus
364 2426 455 2486 ejus
476 2443 553 2487 per
573 2426 911 2486 municipiorum
931 2425 1287 2488 coloniarumque
1308 2428 1535 2488 primores,

172 2506 506 2567 suscipientibus
533 2506 670 2550 obviis
693 2507 930 2550 scribarum
953 2506 1163 2560 decuriis,
1189 2506 1243 2550 ad
1263 2507 1429 2551 Urbem
1457 2507 1532 2550 (le-

174 2597 365 2641 vectum,
403 2585 707 2647 sepultumque
752 2597 814 2631 cst
851 2588 894 2630 in
932 2604 1084 2647 campo
1125 2588 1300 2631 Martio.
1334 2591 1537 2632 Ceterum

175 2668 384 2712 exercitus
414 2666 695 2711 honorarium
716 2668 752 2710 ci
778 2666 994 2711 tumulum
1027 2668 1249 2723 excitavit,
1273 2668 1384 2711 circa
1408 2685 1536 2729 quem
