1988 3439
720 277 983 313 CLAUDIUS.
1465 289 1534 322 212·

167 374 281 421 crat,
303 365 435 417 adeo,
461 374 509 408 ut
533 362 703 408 oblatos
727 360 965 405 victoribus
981 376 1155 414 aureOS,
1177 359 1346 420 prolata
1366 361 1538 406 sinistra

165 447 328 506 pariter
353 462 452 490 cum
481 442 634 505 vulgo,
661 457 766 486 voce
789 441 1022 503 digitisque
1047 451 1323 497 numeraret,
1351 458 1401 486 ac
1429 459 1539 503 saepe

166 526 385 570 hortando
419 523 704 587 rogandoque
746 521 799 566 ad
835 521 1102 567 hilaritatem
1142 520 1342 566 homines
1382 539 1540 583 provo-

166 617 303 662 caret,
325 606 526 651 dominos
553 601 1060 666 identidemappellans,
1089 602 1296 647 immixtis
1319 602 1540 647 interdum

164 686 335 750 frigidis
360 696 404 732 et
432 686 649 731 arcessitis
669 686 806 747 jocis:
834 683 974 746 qualis
1001 693 1089 741 est,
1127 693 1175 728 ut
1202 699 1337 744 quum
1367 683 1543 728 Palum-

164 769 269 812 bum
296 766 643 831 postulantibus,
663 765 903 812 «daturum
922 782 988 824 se,
1004 786 1025 808 1>
1049 766 1271 828 promisit,
1297 765 1365 810 «si
1391 775 1544 826 captus

166 859 289 893 esset.
308 868 329 890 »
354 846 469 892 Illud
491 846 620 909 plane
638 847 921 909 quantumvis
944 845 1175 892 salubriter
1191 856 1232 891 et
1251 847 1294 890 in
1320 855 1542 907 tempore:

165 946 301 990 quum
332 928 577 983 essedario,
607 945 686 990 pro
718 945 806 990 quo
836 938 1027 989 quatuor
1061 926 1139 972 filii
1172 927 1545 990 deprecabantur,

165 1025 328 1071 magno
355 1009 555 1054 omnium
593 1009 742 1054 favore
778 1007 1026 1054 indulsisset
1057 1008 1233 1064 rudem,
1270 1007 1464 1052 tabulam
1495 1007 1546 1051 il-

165 1089 251 1134 lico
283 1090 421 1147 misit,
455 1088 694 1134 admonens
726 1089 961 1152 populum,
989 1099 1196 1150 «quanto
1223 1105 1354 1150 opere
1387 1087 1546 1133 liberos

167 1171 388 1231 suscipere
425 1169 623 1224 deberet,
660 1187 770 1231 quos
802 1169 967 1214 videret
1000 1180 1042 1214 et
1076 1168 1306 1231 gladiatori
1343 1169 1545 1230 praesidio

170 1251 407 1312 gratiaeque
435 1267 541 1295 esse.
563 1270 584 1292 »
624 1250 775 1295 Edidit
807 1260 849 1294 et
881 1252 924 1294 in
951 1251 1114 1294 Martio
1140 1266 1296 1311 campo
1322 1266 1546 1311 expugna·

167 1331 333 1374 tionem
363 1330 747 1392 direptionemque
780 1330 930 1392 oppidi
967 1330 1021 1375 ad
1055 1331 1289 1391 imaginem
1320 1328 1547 1380 bellicam,

170 1419 213 1455 et
231 1410 495 1454 deditionem
520 1412 757 1455 Britanniae
785 1428 962 1472 regum,
986 1410 1279 1472 praeseditque
1299 1409 1546 1471 paludatus.

169 1491 292 1548 Quin
322 1500 390 1547 et,
418 1492 657 1535 emissurus
683 1492 899 1535 Fucinum
923 1490 1093 1546 lacum,
1123 1491 1425 1535 naumachiam
1450 1500 1551 1534 ante

167 1571 401 1616 commisit.
439 1571 524 1617 Sed
557 1588 723 1632 quum,
767 1570 1144 1632 proclamantibus
1181 1571 1551 1626 naumachiariis,

168 1672 189 1693 «
207 1654 322 1708 Ave,
351 1652 608 1714 imperator,
633 1653 836 1696 morituri
869 1662 910 1697 te
937 1651 1148 1709 salutant,
1166 1671 1186 1694 >›
1224 1651 1522 1714 respondisset
1540 1686 1551 1707 ,

171 1753 191 1774 ι(
213 1734 352 1777 Avete
389 1749 493 1788 vos;
519 1753 540 1774 »
577 1749 719 1793 neque
753 1742 849 1794 post
891 1732 1005 1777 hanc
1043 1749 1219 1790 vocem,
1267 1733 1391 1794 quasi
1427 1732 1552 1776 venia

171 1813 292 1869 data,
317 1814 548 1873 quisquam
574 1812 783 1857 dimicare
810 1811 960 1857 vellet:
993 1812 1067 1857 diu
1096 1823 1349 1869 cunctatus,
1373 1829 1427 1857 an
1455 1830 1550 1857 om-

172 1910 249 1938 nes
275 1894 366 1955 igni
393 1893 597 1954 ferroque
618 1893 892 1950 absumeret,
925 1893 1101 1938 tandem
1128 1912 1151 1938 e
1177 1894 1278 1939 sede
1302 1911 1382 1938 sua
1407 1895 1550 1955 prosi-

175 1972 281 2031 luit,
307 1990 357 2018 ac
379 1990 459 2035 per
478 1973 691 2018 ambitum
715 1972 855 2029 lacus,
880 1991 970 2018 non
996 1975 1089 2018 sine
1117 1974 1230 2019 foeda
1252 1973 1552 2029 vacillatione,

175 2054 451 2111 discurrens,
488 2054 649 2115 partim
688 2054 920 2111 minando,
959 2056 1118 2116 partim
1161 2053 1465 2110 adhortando,
1500 2054 1554 2098 ad

178 2150 372 2195 pugnam
397 2133 623 2195 compulit.
649 2137 743 2179 Hoc
771 2134 1021 2196 spectaculo
1045 2134 1192 2180 classis
1216 2135 1353 2180 sicula
1380 2146 1423 2179 et
1448 2136 1552 2179 rho-

180 2213 250 2259 dia
275 2224 616 2270 concurrerunt,
646 2214 951 2260 duodenarum
977 2217 1223 2261 triremium
1254 2215 1458 2279 singulae,
1484 2233 1557 2261 ex-

181 2296 323 2340 ciente
353 2295 537 2340 buccina
565 2296 746 2340 Tritone
774 2306 1003 2357 argenteo,
1029 2298 1103 2357 qui
1129 2315 1152 2341 c
1180 2297 1324 2358 medio
1354 2296 1450 2342 lacu
1481 2314 1558 2358 per

179 2375 424 2420 machinam
450 2385 696 2420 emerserat.

246 2458 390 2501 XXII.
413 2455 625 2513 Quaedam
650 2457 763 2501 circa
789 2458 1072 2514 cerimonias,
1098 2456 1359 2519 civilemque
1384 2468 1424 2502 ct
1449 2457 1560 2502 mili-

181 2548 318 2582 tarem
356 2552 543 2591 morem,
580 2539 679 2581 item
727 2538 840 2582 circa
888 2539 1085 2582 omnium
1128 2538 1333 2582 ordinum
1371 2548 1559 2591 statum,

182 2618 301 2663 domi
334 2608 549 2677 forisque,
577 2629 651 2661 aut
676 2620 887 2674 correxit,
917 2629 991 2662 aut
1019 2618 1188 2663 exoleta
1218 2621 1457 2675 revocavit,
1485 2631 1559 2664 aut

185 2700 313 2742 ctiam
345 2715 454 2742 nova
491 2699 689 2742 instituit.
733 2701 778 2742 In
814 2700 1073 2760 cooptandis
1105 2718 1178 2760 prr
1208 2700 1387 2763 collegia
1418 2719 1558 2746 sucer-
