1971 3342
378 236 423 274 [42
914 241 953 276 C.
984 243 1218 279 SUETOMI

379 317 596 378 cogitaret
633 318 917 383 volveretque
956 327 1131 383 animo,
1168 329 1412 389 quamlibet
1452 349 1692 395 magnum,
1726 337 1769 381 id

378 414 471 441 esse
499 410 853 460 proventurum,
889 404 1216 466 pollicerentur.
1247 414 1303 456 Et
1327 429 1442 457 unus
1469 431 1521 458 ex
1547 415 1769 462 nobilibus

374 479 584 540 captivis,
609 483 851 543 Josephus,
876 502 1014 545 quum
1040 490 1331 550 conjiceretur
1359 494 1404 537 in
1429 495 1629 552 vincula,
1659 514 1766 542 con-

373 561 639 606 stantissime
667 567 955 623 asseveravit,
985 568 1100 626 fore,
1127 581 1175 615 ut
1204 573 1258 617 ab
1289 574 1443 618 eodem
1471 576 1593 620 brevi
1621 577 1765 623 solve-

373 650 512 698 retur,
538 659 688 687 verum
714 645 803 705 jam
828 647 1478 708 imperatore.-Nunciabantur
1503 667 1544 701 et
1571 674 1623 702 ex
1642 660 1766 705 Urbe

371 724 607 784 praesagia,
634 725 856 770 Neronem
885 727 1037 773 diebus
1070 730 1234 777 ultimis
1276 737 1495 781 monitum
1528 755 1605 799 per
1640 740 1764 800 quie-

371 812 482 859 tem,
510 814 556 848 ut
592 814 758 850 tensam
789 809 909 853 Jovis
937 811 1110 871 Optimi
1136 815 1318 859 Maximi
1343 833 1366 860 e
1392 820 1583 863 sacrario
1610 820 1655 864 in
1681 820 1764 865 do-

371 900 491 927 mum
516 887 806 947 Vespasiani,
829 900 869 933 et
898 891 998 936 inde
1019 893 1062 936 in
1086 895 1267 939 Circum
1295 897 1532 944 deduceret
1562 919 1571 945 :
1602 918 1651 946 ac
1674 920 1760 947 non

369 963 509 1009 multo
535 977 665 1027 post,
694 971 872 1015 comitia
899 973 1079 1018 secundi
1109 975 1363 1022 consulatus
1392 980 1571 1025 ineunte
1594 982 1762 1038 Galba,

367 1055 558 1090 statuam
586 1047 676 1092 divi
697 1049 801 1095 Julii
822 1051 878 1096 ad
899 1054 1129 1100 Orientem
1159 1068 1316 1118 sponte
1336 1075 1593 1106 conversam
1621 1081 1630 1107 ε
1653 1066 1763 1109 acie·

365 1142 450 1185 que
473 1127 759 1186 betriacensi,
787 1133 1044 1194 priusquam
1075 1139 1440 1197 committeretur,
1462 1141 1570 1187 duas
1593 1145 1760 1205 aquilas

371 1207 413 1250 in
445 1221 681 1271 conspectu
711 1214 909 1258 omnium
948 1216 1224 1274 conflixisse3
1262 1221 1465 1282 victaque
1491 1222 1656 1277 altera,
1685 1243 1758 1270 su-

363 1291 616 1348 pervenisse
638 1294 813 1338 tertiam
839 1295 894 1339 ab
912 1295 1016 1341 solis
1039 1309 1210 1354 exortu,
1226 1317 1277 1345 ac
1302 1302 1524 1348 victricem
1546 1305 1756 1367 abegisse.

426 1371 503 1415 VI.
529 1373 621 1417 Nec
643 1383 792 1419 tamen
822 1378 1059 1439 quicquam
1088 1391 1191 1425 ante
1213 1384 1424 1440 tentavit,
1449 1388 1757 1447 promtissimis

360 1461 493 1512 atque
523 1454 655 1498 etiam
682 1457 947 1504 instantibus
973 1461 1083 1517 suis,
1108 1479 1240 1522 quam
1262 1463 1519 1511 sollicitatus
1545 1485 1757 1528 quorum-

360 1532 460 1576 ‹lam
484 1544 525 1578 et
546 1535 801 1596 ignotorum
823 1549 865 1582 et
886 1540 1133 1585 absentium
1157 1542 1341 1588 fortuito
1364 1545 1526 1592 favore.
1554 1551 1754 1595 Moesiaci

359 1616 576 1660 exercitus
601 1617 703 1662 bina
735 1636 757 1661 e
791 1620 931 1664 tribus
958 1620 1205 1683 legionibus
1233 1624 1373 1669 millia
1392 1662 1403 1683 ,
1434 1629 1565 1672 missa
1591 1631 1755 1675 auxilio

356 1695 552 1753 Othoni,
584 1709 819 1760 postquam
847 1702 1052 1763 ingressis
1082 1705 1164 1748 iter
1189 1708 1440 1751 nuntiatum
1470 1720 1559 1766 est,
1587 1712 1751 1756 victum

354 1792 452 1819 eum
474 1811 485 1832 ,
514 1794 565 1821 ac
594 1780 678 1823 vim
708 1782 805 1825 vitae
825 1799 913 1826 suae
934 1782 1153 1841 attulisse,
1179 1786 1318 1831 nihilo
1345 1790 1484 1834 secius
1507 1791 1751 1852 Aquileiam

359 1874 497 1918 usque
524 1874 953 1920 perseveraverunt,
972 1867 1096 1926 quasi
1125 1870 1293 1913 rumori
1330 1871 1475 1915 minus
1507 1873 1749 1919 crederent.

356 1939 415 1981 lbi
439 1956 519 2000 per
542 1943 817 1988 occasionem
847 1962 897 1989 ac
923 1945 1141 1992 licentiam
1164 1950 1285 1994 omni
1305 1952 1561 2012 rapinarum
1587 1972 1748 2017 genere

349 2022 555 2079 grassati,
581 2039 720 2082 quum
757 2025 995 2083 timerent,
1025 2044 1079 2071 ne
1103 2030 1186 2073 sibi
1211 2033 1398 2076 reversis
1427 2034 1652 2081 reddenda
1681 2055 1751 2082 ra-

350 2101 436 2155 tio,
467 2119 516 2145 ac
553 2104 783 2149 subeunda
823 2124 950 2166 poena
985 2119 1125 2166 esset,
1164 2111 1399 2157 consilium
1432 2116 1627 2162 inierunt
1667 2118 1745 2163 eli·

347 2183 476 2241 gendi
503 2185 772 2246 creandique
800 2187 1079 2249 imperatoris
1107 2208 1116 2234 :
1144 2211 1165 2231 «
1186 2194 1343 2254 Neque
1365 2197 1482 2240 enim
1509 2196 1745 2244 deteriores

347 2280 438 2305 esse
476 2275 550 2308 aut
576 2266 847 2327 hispaniensi
877 2271 1098 2329 exercitu,
1127 2274 1203 2334 qui
1230 2274 1420 2320 Galbam
1438 2313 1448 2331 ‚
1479 2289 1555 2323 aut
1586 2291 1743 2342 praeto-

346 2345 493 2397 riano,
520 2347 594 2407 qui
624 2349 876 2403 Othonem,
904 2362 980 2395 aut
1007 2356 1288 2414 germaniCO‚
1323 2359 1398 2417 qui
1426 2359 1652 2419 Vitellium
1682 2362 1741 2405 fe-

344 2425 518 2470 cissent.
538 2447 559 2467 »
585 2430 828 2490 Propositis
857 2433 1003 2493 itaque
1027 2435 1282 2480 nominibus
1309 2436 1552 2499 legatorum
1584 2459 1741 2486 consu·

344 2505 528 2561 larium,
557 2521 666 2570 quot
696 2513 862 2574 ubique
888 2524 992 2558 tunc
1019 2527 1171 2573 erant,
1213 2535 1350 2578 quum
1381 2531 1575 2578 ceteros,
1604 2523 1736 2567 alium

343 2587 427 2632 alia
448 2589 502 2633 de
530 2608 660 2636 causa
676 2628 686 2648 ,
713 2594 1043 2655 improbarent,
1072 2609 1114 2641 ct
1136 2599 1315 2658 quidam
1345 2618 1369 2645 e
1399 2600 1569 2664 legione
1589 2606 1737 2659 tertia,

343 2687 437 2729 quae
470 2672 551 2716 sub
591 2675 709 2718 exitu
746 2678 936 2721 Neronis
969 2678 1174 2723 translata
1218 2699 1267 2724 ex
1297 2684 1418 2742 Syria
1456 2686 1497 2727 in
1535 2687 1734 2731 Moesiam
