1988 3407
692 273 1050 311 VESPASIANUS.
1530 276 1546 310 4
1562 281 1572 301 1

183 363 354 424 pridem
382 363 465 407 sibi
491 378 570 424 per
598 361 690 405 haec
725 369 898 404 ostenta
927 366 1203 419 conceptam.
1238 358 1289 400 In
1322 355 1577 400 suburbano

182 443 436 488 Flaviorum
465 458 653 504 quercus
676 441 859 501 antiqua
879 474 890 495 ,
914 455 1012 500 quae
1039 447 1133 482 erat
1159 438 1294 481 Marti
1325 452 1469 491 sacra,
1498 452 1574 496 per

181 535 272 569 tres
296 525 515 585 Vespasiae
543 531 723 584 partuS,
751 519 953 583 singulos
982 528 1164 582 repente
1194 534 1340 562 ramos
1367 534 1389 560 a
1418 516 1576 560 frutice

187 605 336 662 dedit,
363 603 481 649 haud
503 603 636 647 dubia
660 603 785 665 signa
811 601 950 646 futuri
978 601 1194 662 cujusque
1222 599 1301 643 fati
1329 616 1337 642 :
1364 599 1580 659 primum,

182 685 339 730 exilem
365 695 408 730 et
437 686 524 729 cito
549 683 813 740 arefactum3
844 682 1032 744 ideoque
1066 679 1213 744 puella
1245 689 1350 724 nata
1386 695 1475 722 non
1503 695 1580 739 pe-

183 767 390 811 rannavit
419 783 428 810 :
457 764 726 820 secundum,
757 763 1048 827 praevalidum
1079 780 1130 808 ac
1160 760 1405 824 prolixum,
1439 770 1482 804 et
1503 761 1579 821 qui

184 864 389 909 magnam
404 845 657 891 felicitatem
673 845 960 909 portenderet
982 863 991 890 :
1010 846 1190 890 tertium
1212 860 1333 900 vero,
1352 844 1492 887 instar
1515 858 1584 885 ar-

183 929 317 974 boris.
346 931 501 987 Quare
521 939 694 990 patrem
715 928 932 973 Sabinum
948 927 1113 984 ferunt,
1126 925 1382 987 haruspicio
1398 925 1580 984 insuper

183 1009 500 1056 confirmatum
517 1046 529 1067 ,
556 1011 839 1055 renunciasse
859 1010 1014 1065 matri,
1043 1017 1282 1070 «nepotem
1307 1008 1344 1050 ei
1367 1008 1584 1051 Caesarem

183 1092 406 1153 genitum:
422 1112 443 1134 »
465 1108 544 1136 nec
566 1091 684 1136 illam
703 1093 942 1153 quicquam
963 1089 1106 1147 aliud,
1126 1106 1259 1151 quam
1281 1088 1585 1142 cachinnasse,

186 1174 449 1230 mirantem,
489 1194 508 1214 α
538 1172 659 1234 quod
687 1173 833 1217 adhuc
870 1189 915 1216 se
945 1172 1107 1216 mentis
1136 1179 1341 1231 compote
1381 1167 1586 1212 deliraret

186 1256 277 1316 jam
304 1253 421 1299 filius
450 1272 569 1299 suus.
593 1275 614 1296 n
656 1256 786 1309 Mox,
815 1270 953 1315 quum
989 1251 1161 1296 aedilem
1201 1268 1302 1296 eum
1342 1252 1392 1295 C.
1417 1252 1587 1303 Caesar,

187 1353 452 1380 succensens
493 1352 646 1380 curam
681 1334 908 1380 verrendis
947 1335 1027 1378 viis
1064 1350 1154 1377 non
1184 1331 1455 1386 adhibitam,
1491 1329 1586 1373 luto

185 1419 387 1478 jussisset
420 1417 613 1480 oppleri,
654 1426 862 1478 congesto
896 1432 974 1478 per
1003 1414 1164 1459 milites
1207 1415 1251 1456 in
1286 1421 1504 1474 praetextae
1531 1411 1590 1455 si-

193 1516 328 1554 num,
351 1515 440 1543 non
468 1498 728 1555 defuerunt,
763 1499 839 1559 qui
877 1498 1290 1558 interpretarentur.
1323 1493 1591 1555 quandoque

189 1580 492 1644 proculcatam
514 1580 823 1641 desertamque
842 1577 1163 1640 rempublicam
1184 1575 1305 1621 civili
1327 1574 1472 1636 aliqua
1495 1591 1592 1637 per-

190 1663 444 1708 turbatione
479 1664 525 1707 in
560 1661 743 1707 tutelam
783 1662 903 1723 ejus,
930 1678 980 1705 ac
1007 1659 1128 1705 velut
1155 1661 1199 1703 in
1237 1658 1478 1720 gremium,
1514 1656 1591 1701 de-

188 1754 436 1789 venturam.
475 1743 727 1788 Prandente
764 1760 816 1787 eo
856 1742 1113 1803 quondam,
1152 1741 1274 1784 canis
1312 1739 1530 1783 extrarius
1569 1753 1592 1780 e

188 1826 322 1869 trivio
363 1841 543 1869 manum
582 1825 823 1869 humanam
866 1822 1045 1880 intulit,
1093 1837 1343 1882 mensaeque
1388 1820 1590 1881 subjecit.

188 1909 406 1952 Coenante
435 1923 614 1961 rursus,
644 1905 725 1950 bos
758 1915 921 1961 arator,
957 1904 1141 1948 decusso
1170 1904 1308 1964 jugo,
1346 1900 1591 1945 triclinium

189 1988 378 2049 irrupit,
418 2004 467 2031 ae
504 1986 665 2048 fugatis
694 1987 933 2043 ministris,
974 1985 1099 2046 quasi
1143 1994 1326 2045 repente
1367 1981 1588 2037 defessus,

190 2068 383 2130 procidit
408 2068 463 2113 ad
492 2069 610 2130 ipsos
631 2067 934 2112 accumbentis
963 2066 1120 2128 pedes,
1148 2065 1455 2124 cervicemque
1480 2079 1598 2106 sum-

192 2151 324 2195 misit.
350 2150 494 2195 Arbor
513 2166 693 2211 quoque
718 2165 952 2210 cupressus
977 2149 1021 2191 in
1046 2164 1155 2209 agro
1179 2147 1298 2190 avito
1322 2147 1415 2190 sine
1443 2143 1532 2189 ulla
1553 2145 1594 2187 vi

190 2231 468 2293 tempestatis
495 2229 646 2274 evulsa
674 2229 885 2274 radicitus
912 2239 1044 2289 atque
1072 2238 1290 2289 prostrata
1309 2262 1320 2281 ,
1343 2226 1593 2287 insequenti

192 2313 262 2356 die
283 2310 464 2355 viridior
494 2328 544 2355 ac
581 2310 751 2354 [imnior
782 2310 1036 2354 resurrexit.
1065 2312 1123 2354 At
1149 2310 1193 2352 in
1217 2308 1387 2354 Achaia
1406 2308 1596 2352 somnia-

195 2396 282 2450 vit,
318 2394 493 2437 initium
531 2393 610 2436 sibi
639 2393 815 2452 suisque
851 2389 1073 2435 felicitatis
1103 2390 1332 2446 futurum,
1375 2388 1503 2434 simul
1542 2406 1592 2433 ac

194 2475 302 2519 dens
327 2475 497 2519 Neroni
525 2483 721 2518 exemtus
750 2483 862 2517 esset
890 2490 898 2516 :
931 2473 1194 2532 evenitque,
1226 2482 1274 2515 ut
1298 2471 1497 2531 sequenti
1528 2470 1597 2513 die

195 2556 539 2618 progressus-in
583 2555 743 2598 atrium
787 2553 982 2598 medicus
1026 2553 1203 2596 dentem
1242 2553 1280 2595 ei
1321 2551 1599 2605 ostenderet,

195 2647 369 2681 tantum
395 2635 512 2697 quod
540 2645 781 2680 exeuntum.
812 2635 941 2696 Apud
968 2634 1165 2678 Judaeum
1189 2631 1382 2678 Carmeli
1410 2632 1477 2675 dei
1498 2650 1597 2675 ora-

197 2717 345 2762 culum
372 2716 673 2762 consulentem
695 2718 750 2760 ita
771 2716 1090 2760 confirmavere
1108 2725 1269 2770 sortes,
1293 2724 1364 2770 ut,
1388 2712 1599 2774 quit-quid
