1971 3342
385 252 428 282 15
930 245 968 281 C.
995 246 1227 282 SUETONI!

381 333 517 376 ducto
545 331 854 386 matrimonio,
885 330 1101 391 sepositus
1129 340 1193 373 est
1226 346 1303 391 per
1330 344 1509 373 causam
1546 328 1773 390 legationis

381 413 426 456 in
456 412 748 457 Lusitaniam.
781 411 833 455 Id
860 412 965 455 satis
992 411 1161 465 visum,
1189 427 1242 454 ne
1266 426 1396 471 poena
1425 410 1567 454 acrior
1589 410 1775 454 mimum

381 510 559 538 omnem
589 492 863 554 divulgaret3
893 491 967 552 qui
995 501 1143 535 tamen
1173 492 1234 536 sic
1258 508 1437 552 quoquc
1467 491 1551 535 hoc
1587 490 1776 536 disticho

380 575 552 618 enotuit
577 592 587 618 ε

512 714 587 748 Cur
611 713 714 748 Otho
738 712 898 748 mentito
921 712 986 758 sit,
1015 712 1196 760 quaeriti5‚
1225 712 1328 747 exsul
1351 710 1523 747 honore?

565 775 709 810 Uxoris
736 775 906 810 moechus
929 781 1096 822 ooeperat
1120 787 1198 810 esse
1222 787 1306 810 suae.

383 902 663 945 Provinciam
694 900 1021 945 administravit
1047 900 1309 961 quaestorius
1337 917 1414 960 per
1441 900 1592 943 decem
1619 916 1779 957 annos,

382 981 688 1026 moderatione
713 991 845 1043 atque
868 981 1135 1026 abstinentia
1160 979 1385 1042 singulari.

448 1064 527 1108 IV.
554 1065 618 1108 Ut
648 1062 826 1107 tandem
861 1062 1041 1106 ultionis
1072 1063 1242 1106 occasio
1281 1061 1381 1106 data
1421 1067 1508 1117 est,
1547 1063 1780 1107 conatibus

382 1143 539 1188 Galbae
580 1144 750 1204 primus
793 1144 977 1187 accessit
1014 1159 1023 1186 ε
1057 1141 1301 1203 eodemque
1342 1153 1567 1187 momento
1607 1153 1650 1187 et
1690 1145 1783 1204 ipse

386 1243 508 1287 spem
529 1226 701 1287 imperii
726 1226 863 1287 cepit,
885 1241 1093 1286 magnam
1122 1223 1300 1285 quidem
1325 1241 1374 1268 ex
1402 1224 1654 1269 conditione
1672 1235 1784 1269 tem-

386 1323 547 1366 porum
568 1342 578 1362 ‚
606 1306 682 1351 sed
709 1306 937 1367 aliquanto
964 1304 1176 1367 majorem
1207 1323 1260 1348 ex
1288 1304 1581 1349 affirmatione
1612 1305 1783 1350 Seleuci

387 1389 716 1445 matbematici3
739 1390 844 1450 qui,
871 1406 1009 1450 quum
1035 1405 1135 1432 eum
1170 1387 1274 1431 olim
1304 1389 1585 1448 superstitem
1615 1389 1782 1432 Neroni

386 1469 481 1514 fore
508 1470 843 1531 spopondisset,
870 1480 976 1515 tunc
996 1469 1114 1514 ultro
1134 1470 1390 1529 inopinatus
1411 1468 1648 1513 advenerat
1664 1504 1675 1525 ‚
1704 1471 1784 1513 im-

384 1562 642 1612 peraturum
667 1568 846 1612 quoque
871 1551 994 1595 brevi
1020 1551 1351 1611 repromittens.
1384 1548 1520 1595 Nullo
1551 1551 1685 1611 igitur
1715 1550 1781 1593 of—

385 1632 470 1676 ficii
489 1643 565 1676 aut
586 1633 843 1677 ambitionis
868 1634 911 1676 in
931 1645 1197 1693 quemquam
1227 1648 1386 1694 genere
1406 1632 1589 1687 omisso,
1610 1632 1783 1691 quoties

388 1731 509 1757 coena
538 1715 785 1775 principem
810 1714 1055 1774 acciperet,
1082 1730 1236 1757 aureos
1261 1712 1499 1756 excubanti
1526 1711 1697 1755 cohorti
1723 1713 1783 1755 vi-

386 1795 506 1838 ritim
545 1794 770 1839 dividebat
796 1813 805 1839 ε
840 1811 921 1838 nec
949 1811 1001 1838 eo
1030 1795 1176 1837 minus
1208 1793 1342 1837 alium
1375 1791 1460 1836 alia
1492 1793 1559 1835 via
1596 1791 1782 1836 militem

386 1875 705 1920 demerebatur.
734 1875 922 1921 Cuidam
945 1876 1078 1920 etiam
1100 1875 1154 1919 de
1174 1885 1300 1936 parte
1324 1874 1478 1919 finium
1507 1890 1608 1918 cum
1637 1874 1784 1917 vicino

386 1955 578 2017 litiganti
596 1993 606 2010 ,
629 1956 853 2001 adhibitus
878 1957 1058 2012 arbiter,
1081 1966 1224 2000 totum
1243 1972 1401 2016 agrum
1424 1954 1607 1998 redemit
1632 1971 1782 1998 eman-

386 2039 664 2099 cipavitque3
700 2048 747 2083 ut
772 2039 865 2099 jam
892 2039 964 2082 vix
994 2036 1107 2082 ullus
1140 2047 1276 2091 esset,
1298 2037 1373 2097 qui
1406 2052 1494 2079 non
1530 2045 1573 2080 et
1602 2035 1784 2080 sentiret

388 2129 431 2163 et
458 2119 741 2180 praedicaret,
767 2119 908 2163 solum
937 2118 1211 2163 successione
1231 2118 1402 2178 imperii
1430 2116 1628 2178 dignum.

452 2203 506 2244 V.
536 2201 801 2261 Speraverat
830 2210 978 2244 autem
1005 2199 1124 2255 fore,
1155 2209 1203 2243 ut
1239 2198 1529 2260 adoptaretur
1559 2213 1582 2241 a
1612 2197 1783 2256 Galba3

389 2281 523 2342 idque
560 2282 604 2325 in
638 2281 729 2326 dies
766 2281 1061 2342 exspectabat.
1088 2280 1171 2326 Sed
1201 2289 1456 2341 postquam,
1481 2279 1641 2324 Pisone
1666 2295 1780 2340 prae-

388 2361 502 2419 lato,
522 2378 599 2424 spe
624 2361 787 2407 decidit
804 2398 815 2419 ,
835 2362 891 2406 ad
910 2363 998 2406 vim
1025 2378 1264 2406 conversus
1284 2371 1371 2415 est3
1391 2360 1628 2421 instigante
1647 2377 1780 2420 super

389 2443 524 2487 animi
564 2442 761 2488 dolorem
799 2444 931 2488 etiam
972 2441 1277 2504 magnitudine
1314 2442 1410 2485 aeris
1450 2440 1593 2485 alieni.
1624 2441 1781 2501 Neque

388 2524 505 2568 enim
524 2523 853 2580 dissimulabat,
871 2544 892 2565 «
909 2525 990 2568 nisi
1017 2523 1281 2584 principem,
1304 2539 1348 2566 se
1370 2531 1485 2566 stare
1509 2538 1597 2565 non
1622 2537 1774 2581 posse:

388 2603 586 2665 nihilque
613 2604 801 2661 referre,
827 2605 880 2649 ab
908 2605 1032 2648 hoste
1058 2605 1102 2648 in
1128 2604 1248 2659 acie,
1278 2620 1332 2648 an
1362 2604 1404 2646 in
1431 2604 1546 2646 Foro
1570 2602 1650 2646 sub
1681 2618 1777 2646 cre-

389 2683 628 2743 ditoribus,
652 2686 840 2731 caderet.
862 2706 882 2727 »
910 2691 1023 2732 Ante
1042 2702 1204 2746 paucos
1229 2684 1320 2729 dies
1343 2700 1469 2728 servo
1496 2683 1679 2728 Caesaris
1700 2701 1781 2745 pro
