1988 3439
585 250 770 284 OCTAVI
778 250 833 284 US
862 248 1132 283 AUGUSTUS.
1504 260 1525 294 9
1533 247 1551 280 ’ἦ

183 343 244 377 est
281 351 287 375 :
319 335 379 377 M.
420 334 632 378 Antonius
668 331 948 392 adoptionem
986 330 1190 374 avunculi
1233 341 1384 392 stupro
1423 333 1553 375 meri-

182 424 273 458 tum
304 431 312 457 :
345 414 445 458 item
472 413 650 467 Lucius,
675 413 810 456 Marci
838 412 990 468 frater,
1018 413 1140 472 quasi
1168 411 1422 472 pudicitiam
1447 411 1554 455 ‹leli-

182 495 326 539 batam
350 511 374 538 a
397 496 582 550 Caesare,
608 496 660 538 A.
690 494 821 538 etiam
849 494 991 537 Hirtio
1020 493 1063 536 in
1087 493 1297 554 Hispania
1323 508 1400 537 ccc
1426 492 1554 536 milli-

185 575 263 618 bus
286 574 511 618 nummum
534 574 834 630 substraverit,
856 572 1098 633 solitusque
1119 574 1174 616 sit
1196 589 1325 617 crura
1349 573 1557 616 suburere

184 672 294 699 nuce
320 654 509 711 ardenti,
537 671 624 715 quo
653 653 827 699 mollior
854 653 970 716 pilus
1000 664 1210 715 surgeret.
1241 653 1323 698 Sed
1349 662 1390 696 et
1419 669 1558 714 popu-

185 735 250 779 lus
278 735 501 795 quondam
525 735 755 780 universus
779 735 983 780 ludorum
1011 735 1098 792 die,
1123 745 1163 778 et
1191 735 1359 796 accepit
1384 735 1428 776 in
1456 750 1559 777 con-

184 815 404 859 tumeliam
443 816 559 876 ejus,
598 825 640 859 et
678 832 852 860 assensu
893 817 1081 859 maximo
1125 816 1428 877 comprobavit
1467 831 1560 856 ver-

183 913 302 951 sum,
336 896 378 939 in
412 912 540 940 scena
574 897 938 957 pronunciatum,
975 896 1027 940 de
1062 894 1192 942 Gallo
1232 896 1384 940 matris
1430 894 1558 939 desim

184 978 525 1038 tympanizante,

335 1105 482 1151 Viden’,
505 1113 544 1141 ut
566 1106 725 1142 cinaedus
750 1107 880 1143 orbem
906 1107 1026 1155 digito
1049 1107 1256 1155 temperat?

248 1222 408 1264 LXIX.
445 1219 669 1265 Adulteria
689 1221 863 1281 quidem
885 1223 1147 1276 exercuisse,
1166 1239 1219 1265 ne
1237 1221 1364 1265 amici
1384 1220 1562 1281 quidem

187 1310 367 1362 negant3
390 1311 644 1345 excusantes
670 1318 792 1358 sane,
820 1319 905 1345 non
932 1302 1131 1358 libidine,
1154 1302 1227 1345 sed
1251 1303 1423 1346 ratione
1449 1318 1564 1345 com-

188 1383 337 1436 missa,
365 1398 452 1440 quo
482 1380 650 1424 facilius
674 1381 853 1425 consilia
879 1382 1227 1425 adversariorum
1252 1399 1329 1442 per
1355 1383 1566 1442 cujusque

188 1460 390 1505 mulieres
425 1462 682 1522 exquireret.
711 1463 773 1506 M.
804 1463 1046 1518 Antonius,
1078 1478 1208 1524 super
1237 1461 1457 1505 festinatas
1491 1463 1566 1505 Li-

188 1543 266 1586 viae
294 1542 494 1603 nuptias,
525 1543 684 1603 objecit
711 1552 751 1586 et
781 1542 986 1586 feminam
1017 1541 1292 1586 consularem
1324 1559 1346 1586 e
1374 1540 1567 1586 triclinio

190 1624 270 1667 viri
289 1640 435 1667 coram
455 1624 498 1667 in
517 1622 770 1667 cubiculum
789 1624 1043 1680 abductam,
1061 1641 1212 1668 rursus
1234 1625 1275 1667 in
1295 1623 1567 1677 convivium,

189 1704 449 1748 rubentibus
476 1703 706 1761 auriculis,
740 1705 994 1749 incomtiore
1027 1703 1211 1766 capillo,
1246 1703 1495 1759 reductam3
1524 1713 1566 1747 et

190 1784 413 1829 dimissam
454 1786 748 1842 Scriboniam,
788 1787 891 1846 quia
929 1785 1108 1830 liberius
1143 1784 1352 1829 doluisset
1391 1785 1570 1828 nimiam

194 1866 436 1926 potentiam
463 1864 654 1927 pellicis3
682 1875 724 1909 ct
754 1867 1026 1910 conditiones
1053 1867 1252 1927 quaesitas
1279 1883 1357 1926 per
1385 1866 1571 1919 amicos,

193 1947 269 2007 qui
293 1946 638 1990 matresfamilias
658 1956 700 1990 et.
720 1945 890 1990 adultas
910 1956 1033 1990 aetatc
1056 1948 1246 2007 virgines
1271 1946 1541 1990 denudarent
1560 1981 1571 2001 ,

191 2036 322 2087 atque
361 2029 688 2088 perspicerent,
732 2036 942 2087 tanquam
981 2028 1172 2071 Toranio
1210 2043 1427 2088 mangone
1466 2043 1572 2071 ven-

193 2106 335 2150 dente.
371 2106 531 2151 Scribit
565 2108 696 2151 etiam
726 2106 781 2151 ad
815 2108 955 2168 ipsum
986 2107 1069 2150 hoc
1101 2106 1372 2150 familiariter
1404 2105 1574 2157 adbuc,

195 2185 379 2230 necdum
407 2186 533 2248 plane
563 2188 785 2242 inimicus,
811 2197 884 2231 aut
912 2187 1047 2231 hostis
1075 2205 1082 2230 :
1109 2186 1266 2245 «Quid
1294 2196 1333 2230 te
1357 2186 1575 2230 mutavit?

194 2266 311 2326 quod
333 2267 525 2327 reginam
546 2267 670 2310 inco?
689 2285 800 2310 uxor
817 2285 912 2311 mea
935 2279 1012 2312 est.
1035 2269 1165 2312 Nunc
1186 2268 1317 2329 coepi,
1339 2284 1391 2311 an
1413 2267 1574 2311 abhinc

194 2364 332 2391 annos
362 2345 544 2390 novem?
571 2356 618 2390 tu
647 2347 802 2390 deinde
833 2346 970 2390 solam
999 2347 1240 2392 Drusillam
1272 2347 1382 2391 inis?
1411 2349 1469 2391 ita
1503 2364 1576 2390 va-

194 2426 304 2484 leas,
338 2428 400 2471 uti
438 2437 509 2482 tu,
546 2427 658 2470 hanc
691 2426 916 2488 epistolam
954 2444 1089 2488 quum
1125 2427 1264 2488 leges,
1301 2446 1388 2472 non
1429 2429 1574 2471 inicris

194 2506 457 2563 Tertullam,
485 2517 558 2551 aut
585 2506 891 2560 Terentillam,
918 2518 993 2551 aut
1020 2506 1227 2551 Rufillam
1245 2543 1255 2563 ,
1281 2519 1357 2551 aut
1384 2508 1572 2552 Salviam

195 2589 501 2644 Titisceniam,
529 2598 603 2632 aut
634 2604 794 2632 omnes.
829 2592 954 2634 Anne
986 2590 1143 2645 rescrt,
1181 2589 1254 2632 ubi
1287 2597 1327 2632 et
1367 2590 1407 2631 in
1443 2605 1573 2648 quam

198 2667 425 2730 arrigas?»
