1971 3342
392 248 464 283 206
1007 248 1158 284 NOTAE

443 326 691 373 Asclepiadis.
713 328 769 361 De
788 325 860 361 hoc
885 326 977 362 nihil
1007 334 1241 374 compertum
1265 341 1270 361 :
1297 334 1396 362 certe
1422 327 1621 376 AEgyptius
1649 336 1727 364 erat
1758 342 1775 364 ει

390 399 506 423 nomo
528 389 728 432 IMendete,
752 401 818 425 seu
837 390 1059 433 Metzclesz'o,
1087 403 1132 425 ex
1152 390 1274 426 strab.
1288 419 1297 436 ‚
1318 403 1402 425 xvn
1416 419 1426 436 ,
1445 402 1483 438 p.
1511 389 1584 427 552
1609 405 1618 426 :
1638 387 1723 443 Ῠπὲρ
1738 395 1776 430 δὲ

389 454 426 487 τὸ
449 451 635 492 Μενδήσιον
657 456 765 502 στόμα
787 455 843 490 καὶ
868 458 904 490 τὸ
926 459 1060 490 Τανικὸν
1074 485 1082 497 ‚
1106 458 1199 502 λίμνη
1222 458 1365 502 μεγάλη,
1385 456 1439 491 καὶ
1461 458 1476 490 ὁ
1503 454 1688 496 Μενδήσιός
1708 459 1777 492 ἐστι

388 527 490 561 νομος.

445 573 486 607 Ρ.
508 573 710 622 Nigidium.
727 574 812 609 Scil.
833 574 1006 622 Figulum
1019 602 1029 620 ‚
1044 582 1254 610 senatorem
1266 603 1275 620 ‚
1290 575 1337 610 de
1357 588 1435 622 quo
1450 576 1589 610 Lucan.
1601 604 1609 620 ‚
1631 589 1643 610 ι
1655 603 1664 620 ,
1678 575 1754 618 640
1768 589 1774 610 ε

532 698 572 729 At
587 697 711 739 Figulus
729 698 779 729 cui
798 709 871 729 cura
892 697 965 729 deos
976 722 984 737 ‚
999 705 1182 743 secretaque
1196 699 1267 730 coeli

530 752 625 784 Nosse
639 753 714 791 fuit,
734 764 830 795 quem
848 765 913 785 non
929 754 1090 786 steilarum
1106 754 1250 797 AEgyptia
1271 755 1431 798 Memphis

531 811 677 850 AEquaret
694 809 780 848 visu,
797 809 998 852 numerisque
1017 811 1216 842 moventibus
1234 818 1326 843 astra.

389 924 444 960 Cf.
471 927 612 968 DioN„
637 939 731 969 xrv,
752 939 790 974 p.
813 940 908 973 27o‚
932 936 969 963 et
990 930 1128 974 Gne,
1152 941 1241 974 xlx,
1269 935 1324 972 14.

443 988 594 1023 erltum.
615 988 707 1034 Dio,
728 990 798 1025 loc.
822 989 882 1024 cit.
906 1003 914 1024 :
938 997 1104 1033 Δεσπότ-ην
1119 998 1194 1042 ἡμῖν
1218 998 1424 1042 γεγέννηκας.
1437 991 1579 1029 Addit:
1596 997 1663 1031 Καὶ
1682 1000 1777 1032 αὐτὸν

389 1055 632 1099 ἐκταραχθέντα
655 1055 708 1088 ἐπὶ
726 1057 849 1102 τούτῳ,
869 1055 924 1090 καὶ
951 1054 1134 1104 διαφθεῖραι
1153 1060 1189 1091 τὸ
1210 1056 1344 1092 παιδίον
1362 1060 1561 1097 ἐθελήσαντα
1576 1060 1723 1104 ἐπέσχεν.

440 1111 678 1160 Exuviisque.
693 1113 810 1148 Erant
831 1119 918 1161 toga
936 1113 1056 1161 picta,
1078 1122 1114 1150 et
1127 1115 1256 1151 tunica
1273 1115 1450 1163 palmata.
1465 1117 1598 1151 Juven.
1611 1143 1621 1160 ‚
1641 1128 1682 1160 x,
1704 1115 1751 1152 38
1768 1130 1775 1151 :

528 1224 563 1254 In
583 1223 690 1255 tunica
709 1224 797 1256 Jovis
817 1230 848 1256 et
869 1225 959 1267 pictae
976 1236 1105 1258 sarrana
1121 1225 1275 1259 ferentem

526 1283 571 1312 Ex
589 1280 731 1313 humeris
746 1282 844 1314 aulaea
860 1289 948 1325 togae.

442 1388 480 1423 C.
501 1389 674 1424 Drusum.
704 1391 747 1425 In
773 1391 947 1426 oratione
968 1404 1042 1440 qua
1063 1391 1116 1428 illi
1141 1393 1365 1440 parentavit.

436 1451 535 1485 Loco
551 1453 683 1498 plano.
709 1453 944 1502 Intelligend.
968 1456 1082 1489 imum
1102 1457 1296 1498 conclave,
1322 1454 1541 1502 oppositum
1560 1454 1673 1499 turri,
1694 1467 1776 1502 quae

384 1512 422 1546 in
442 1512 572 1548 eadem
593 1513 710 1549 domo
730 1522 830 1561 erat,
851 1523 950 1551 auct.
977 1517 1126 1552 Muller.
1152 1517 1191 1551 in
1211 1517 1345 1552 Sched.

438 1574 645 1623 Campanoe
664 1577 750 1611 vioe.
776 1579 867 1623 Quae
887 1578 1012 1615 media
1032 1586 1112 1615 erat
1131 1579 1230 1615 inter
1249 1579 1459 1615 Ostiensem
1477 1587 1512 1614 et
1533 1579 1710 1627 Appiam,
1730 1591 1776 1614 ex

382 1636 547 1672 Fabrett.
579 1640 776 1685 Inscrz‘pt„
803 1652 839 1686 p.
865 1639 951 1682 481.

435 1699 641 1736 Retulissel.
668 1700 771 1736 Audi
791 1701 837 1737 de
856 1702 892 1736 h.
921 1703 942 1737 1.
966 1702 1018 1737 Cl.
1042 1703 1144 1737 Hase
1166 1717 1176 1737 .·
1206 1703 1408 1752 «Intelligo
1437 1716 1521 1739 cum
1553 1704 1698 1739 Ernest.
1726 1705 1774 1740 de

381 1760 527 1807 digitis,
552 1762 662 1809 pueri
690 1764 832 1799 labellis
856 1764 1060 1812 impositis,
1084 1764 1222 1801 deinde
1249 1766 1298 1801 ad
1317 1778 1384 1802 sua
1404 1766 1585 1811 admotis,
1612 1779 1690 1814 quo
1708 1779 1775 1803 os-

380 1824 506 1857 culum
527 1824 573 1858 ab
601 1825 665 1860 illo
687 1825 735 1861 ad
755 1838 792 1861 se
811 1838 942 1862 revera
960 1826 1206 1862 referebatur.
1231 1844 1256 1879 »¹

432 1886 653 1933 Flagellum.
684 1889 755 1922 Per
768 1886 973 1936 flagellum
997 1887 1197 1936 imperium
1228 1888 1513 1939 significabatur
1543 1896 1579 1925 et
1602 1890 1772 1938 peritura

379 1946 543 1982 libertas.
564 1947 659 1984 Inde
685 1950 845 1985 Juvenal
864 1949 956 1985 dicit
980 1950 1027 1985 de
1048 1950 1172 1995 Julio‚
1196 1964 1241 1996 x,
1270 1964 1343 1999 109
1365 1963 1374 1986 ε

510 2066 567 2102 Ad
586 2079 645 2103 sua
659 2071 715 2114 qui
731 2071 867 2104 domitos
882 2071 1015 2106 deduxit
1029 2073 1128 2116 flagra
1142 2074 1293 2115 Quirites.

436 2186 473 2219 Is
493 2186 595 2221 ordo.
617 2185 701 2222 Scil.
723 2186 947 2223 senatorius.

431 2248 703 2284 Mathematici.
734 2249 780 2286 H.
812 2250 837 2285 1.
869 2250 1113 2299 genethliaci,
1147 2251 1199 2288 sic
1228 2250 1319 2287 dicti
1344 2250 1434 2299 quia
1461 2250 1629 2287 siderum
1656 2263 1768 2287 cursu

378 2309 608 2346 nascentium
636 2323 779 2356 mores,
810 2319 915 2348 aetus
947 2318 984 2348 et
1011 2319 1166 2349 eventus
1190 2311 1395 2361 praedicare
1422 2311 1586 2349 student.
1610 2312 1767 2358 Juven.‚

379 2383 458 2415 xxv,
489 2371 564 2415 248
594 2386 602 2407 ε

515 2490 598 2522 Nota
613 2490 844 2523 mathematicis
859 2491 979 2533 genesis
997 2497 1060 2524 tua.
1085 2517 1092 2523 .
1114 2516 1122 2523 .
1144 2516 1151 2523 .

430 2601 641 2649 Pet-gulam.
664 2604 807 2639 Locum
828 2602 963 2639 aedium
984 2603 1181 2639 editiorem
1194 2632 1203 2648 ,
1223 2615 1336 2651 super
1356 2609 1495 2639 tectum
1515 2601 1737 2638 aedificatum
1754 2629 1764 2646 ,

376 2672 490 2707 graeee
509 2670 657 2713 ὺπιρῷον.
