1971 3342
390 243 403 264 1
414 243 432 265 ¹2
441 243 458 264 2
924 232 962 266 C.
988 233 1217 268 SUETONH

386 314 654 371 venientem,
685 331 923 375 rursusque
953 317 1196 377 gravidam,
1222 316 1460 371 dimittere,
1489 332 1539 360 ae
1567 316 1723 360 ,Iuliam
1740 352 1751 372 ,

384 395 570 455 Augusti
594 394 745 453 filiam,
772 395 999 439 confestim
1028 404 1202 441 coactus
1235 407 1296 441 est
1327 397 1483 442 ducere
1511 414 1520 441 ε
1550 414 1638 441 non
1664 399 1753 442 sine

384 491 541 536 magno
566 492 727 536 angore
754 477 911 534 animi,
938 492 1073 536 quum
1099 487 1141 520 et
1163 478 1412 539 Agrippinae
1443 477 1754 522 consuetudine

384 566 627 614 teneretur,
653 567 695 600 et
718 560 741 601 J
746 557 841 601 uliae
866 575 1006 602 mores
1028 558 1313 619 improbaret3
1335 569 1382 603 ut
1402 576 1534 620 quam
1555 559 1755 602 sensisset

384 638 450 680 sui
485 653 657 697 quoque
687 638 767 681 sub
799 639 944 699 priore
975 639 1131 683 marito
1165 649 1462 700 appetentem,
1500 638 1619 699 quod
1653 654 1756 682 sane

382 717 511 760 etiam
538 717 670 778 vulgo
695 719 1032 763 existimabatur.
1066 719 1150 763 Sed
1177 720 1464 781 Agrippinam
1493 729 1536 764 et
1563 719 1755 781 abegisse

382 808 479 857 post
515 797 752 842 divortium
778 799 943 857 doluit;
975 810 1017 844 et
1043 800 1170 844 semel
1200 802 1378 845 omnino
1405 817 1457 845 ex
1482 817 1665 845 occursu
1690 800 1755 843 vi-

382 894 471 921 sam
496 879 602 923 adeo
628 881 842 924 contentis
865 891 907 924 et
932 876 1199 925 tumentibus
1227 880 1362 926 oculis
1387 891 1642 942 prosecutus
1669 890 1753 937 est,

383 968 430 1001 ut
454 958 721 1003 custoditum
748 961 828 1016 sit,
858 978 911 1004 ne
938 979 1131 1022 unquam
1158 963 1201 1006 in
1226 973 1510 1024 conspectum
1530 963 1622 1022 ejus
1640 971 1756 1022 post-

382 1039 460 1082 hae
504 1041 682 1084 veniret.
722 1042 835 1085 Cum
876 1045 898 1085 J
905 1042 989 1085 ulia
1029 1044 1170 1103 primo
1213 1043 1488 1094 concorditer
1525 1052 1567 1086 et
1608 1059 1755 1086 amore

381 1130 536 1164 mutuo
577 1122 683 1164 vixit
715 1139 724 1165 z
760 1139 860 1166 mox
897 1123 1098 1179 dissedit,
1138 1134 1182 1167 et
1216 1123 1439 1184 aliquanto
1479 1124 1678 1183 gravius,
1708 1133 1756 1167 ut

379 1201 509 1244 etiam
536 1211 747 1262 perpetuo
776 1203 1024 1258 secubaret,
1050 1205 1289 1265 intercepto
1315 1204 1557 1247 communis
1586 1203 1662 1247 filii
1690 1204 1756 1264 pi-

380 1298 515 1341 gnore
530 1317 540 1337 ,
567 1284 642 1343 qui
662 1283 867 1343 Aquileiae
891 1294 1016 1328 natus
1042 1284 1181 1328 infans
1203 1285 1441 1328 exstinctus
1461 1294 1539 1328 est.
1559 1286 1755 1328 Drusum

381 1361 556 1405 fratrem
585 1364 629 1406 in
659 1365 896 1407 Germania
919 1366 1086 1420 amisit,
1112 1366 1236 1425 cujus
1255 1381 1439 1425 corpus,
1460 1364 1642 1425 pedibus
1661 1373 1754 1408 toto

381 1443 534 1484 itinere
561 1444 875 1503 praegrediens,
903 1447 1085 1488 Romam
1109 1461 1245 1504 usque
1265 1445 1471 1505 pervexit.

444 1524 564 1570 VIII.
602 1523 805 1567 Civilium
837 1524 1082 1568 officiorum
1119 1525 1375 1569 rudimentis
1415 1541 1558 1586 regem
1587 1526 1753 1571 Arche-

380 1602 517 1658 laum,
539 1602 800 1660 Trallianos,
821 1615 864 1648 et
887 1605 1140 1661 Thessalos,
1168 1607 1284 1649 varia
1305 1623 1502 1666 quosque
1525 1606 1577 1649 de
1599 1622 1752 1662 causa,

378 1686 575 1742 Augusto
602 1694 913 1744 cognoscente,
941 1685 1146 1729 defendit.
1172 1688 1256 1730 Pro
1282 1685 1557 1741 Laodicenis,
1577 1686 1751 1746 Thyati-

377 1765 517 1820 renis,
544 1765 688 1821 Chiis,
719 1775 843 1809 terrae
871 1776 993 1810 motu
1017 1766 1210 1823 afflictis,
1239 1783 1451 1828 opemque
1474 1766 1749 1828 imploranti-

378 1844 478 1900 bus,
511 1854 707 1888 senatum
741 1846 996 1906 deprecatus
1023 1857 1099 1890 est.
1130 1848 1345 1890 Fannium
1373 1848 1644 1908 Caepionem,
1677 1848 1751 1906 qui

377 1942 475 1967 cum
496 1927 695 1969 Varrone
724 1928 911 1970 Murena
931 1927 974 1970 in
992 1929 1240 1988 Augustum
1262 1928 1607 1988 conspiraverat,
1628 1943 1750 1969 reum

377 2006 610 2065 majestatis
636 2006 753 2066 apud
775 2006 942 2067 judices
972 2007 1092 2062 fecit,
1123 2017 1165 2050 et
1193 2006 1511 2050 condemnavit.
1544 2008 1751 2067 Interque

376 2085 463 2128 haec
487 2085 703 2146 duplicem
730 2103 879 2130 curam
904 2086 1244 2142 administravit,
1269 2103 1474 2143 annonae,
1497 2102 1593 2146 quae
1615 2088 1751 2130 artior

378 2167 608 2220 inciderat,
645 2177 687 2210 et
719 2167 1097 2228 repurgandorum
1127 2178 1218 2211 tota
1244 2167 1371 2211 Italia
1397 2166 1747 2228 ergastulorum,

376 2263 561 2305 quorum
603 2247 766 2290 domini
804 2248 848 2290 in
885 2247 1093 2291 invidiam
1124 2258 1358 2303 venerant,
1392 2248 1516 2308 quasi
1547 2257 1749 2309 exceptos

377 2327 723 2386 supprimerent,
760 2344 846 2371 non
883 2327 1023 2371 solum
1062 2329 1248 2372 viatores
1265 2363 1276 2385 ,
1303 2328 1376 2372 sed
1404 2339 1447 2372 et
1472 2345 1581 2389 quos
1604 2344 1748 2372 sacra-

376 2408 507 2450 menti
531 2417 668 2450 metus
695 2407 747 2450 ad
773 2408 1023 2467 hujusmodi
1047 2408 1230 2452 latebras
1256 2407 1548 2469 compulisset.

441 2491 513 2531 lx.
544 2488 767 2549 Stipendia
795 2490 934 2549 prima
960 2488 1232 2548 expeditione
1259 2490 1519 2533 Cantabrica
1549 2489 1748 2532 tribunus

381 2568 566 2612 militum
604 2570 704 2612 fecit
733 2587 741 2612 :
777 2569 901 2624 dein,
930 2569 1064 2611 ducto
1096 2568 1148 2612 ad
1186 2570 1412 2613 Orientem
1437 2570 1650 2624 exercitu,
1676 2586 1745 2612 re-

381 2665 513 2705 gnum
547 2651 755 2692 Armeniae
781 2650 957 2709 Tigrani
988 2649 1199 2703 restituit,
1231 2667 1279 2692 ac
1310 2667 1388 2709 pro
1421 2648 1625 2692 tribunali
1655 2649 1744 2693 dia-
