1971 3342
429 258 473 292 28
948 256 984 288 C.
1015 255 1239 289 SUETONII

428 338 629 380 Muciam.
659 338 770 380 Nam
797 346 909 379 certe
936 338 1163 395 Pompeio,
1193 346 1233 379 et
1258 353 1281 378 a
1306 336 1563 379 Curionibus
1586 343 1706 396 patre
1729 348 1769 381 et

428 415 540 471 filio,
570 426 608 458 et
639 416 662 459 a
689 415 833 459 multis
866 415 1170 474 exprobratum
1198 425 1285 470 est,
1312 414 1425 474 quod
1454 417 1609 475 «eujus
1642 432 1766 459 causa

428 504 522 553 post
560 504 644 538 tres
683 493 838 536 liberos
877 493 1081 552 exegisset
1122 509 1322 548 uxorem,
1363 504 1405 536 et
1439 511 1565 553 quem
1599 511 1768 554 gemens

428 573 666 633 AEgisthum
695 571 907 631 appellare
940 581 1208 626 consuesset,
1241 573 1330 630 ejus
1358 583 1502 631 postea
1536 572 1666 616 filiam
1699 590 1771 632 po—

427 653 567 695 tentiae
591 651 824 711 cupiditate
853 652 896 692 in
922 651 1242 693 matrimonium
1269 652 1540 711 recepisset.»
1565 651 1645 694 Sed
1672 661 1771 695 ante

426 730 526 773 alias
551 730 696 772 dilexit
715 731 775 772 M.
800 730 920 771 Bruti
946 738 1125 771 matrem
1146 728 1366 771 Serviliam
1389 746 1397 771 :
1419 730 1486 772 cui
1508 739 1550 772 et
1574 731 1771 789 proximo

426 826 502 851 suo
534 808 757 851 consulatu
797 808 984 867 sexagies
1020 808 1210 850 sestertio
1251 808 1525 867 margaritam
1562 818 1771 851 mercatus

426 899 514 942 est,
542 898 584 931 et
612 887 723 931 bello
754 887 866 931 civili
904 903 1031 947 super
1063 886 1164 929 alias
1201 886 1480 940 donationes,
1512 886 1772 945 amplissima

427 968 583 1026 praedia
604 984 652 1010 ex
675 967 944 1010 auctionibus
966 967 1096 1009 hastae
1118 982 1295 1008 nummo
1315 964 1477 1008 addixit
1500 982 1508 1007 :
1528 981 1661 1023 quum
1682 966 1773 1024 qui—

428 1046 544 1102 dem,
567 1045 778 1105 plerisque
802 1047 1008 1088 vilitatem
1034 1045 1309 1100 mirantibus,
1332 1044 1582 1087 facetissime
1602 1045 1773 1093 Cicero„

427 1126 559 1179 «Quo
595 1123 772 1179 melius,
802 1126 965 1183 inquit,
1003 1134 1194 1182 emptum
1224 1124 1389 1178 sciatis,
1415 1124 1558 1164 Tertia
1592 1121 1773 1165 deducta

427 1213 488 1245 est
517 1219 566 1244 τ»
593 1203 917 1246 existimabatur
948 1204 1060 1244 enim
1092 1200 1294 1256 Servilia,
1327 1202 1454 1245 etiam
1489 1200 1619 1243 filiam
1654 1217 1770 1244 suam

427 1283 612 1324 Tertiam
637 1283 792 1325 Caesari
817 1281 1056 1325 conciliare.

490 1363 559 1404 LI.
603 1364 668 1405 Ne
716 1360 1047 1420 provincialibus
1095 1359 1266 1419 quidem
1315 1360 1600 1402 matrimoniis
1648 1360 1767 1402 absti-

430 1441 593 1493 nuisse,
621 1439 684 1482 vel
714 1441 794 1482 hoe
825 1439 1006 1482 disticho
1035 1449 1240 1499 apparet,
1270 1440 1428 1498 jactato
1461 1455 1578 1498 atque
1611 1456 1633 1482 a
1665 1438 1773 1482 mili--

428 1519 539 1562 tibus
569 1536 642 1577 per
671 1517 883 1563 Gallicum
912 1519 1180 1578 triumphum
1210 1535 1218 1560 :

531 1655 690 1693 Urbani,
709 1663 848 1690 servate
870 1668 1019 1699 uxores,
1038 1657 1216 1690 moechum
1237 1658 1378 1690 calvum
1400 1656 1621 1690 adducimus.

531 1718 664 1750 Aurum
684 1716 721 1749 in
743 1717 859 1750 Gallia
878 1716 1050 1750 effutuisti
1066 1730 1072 1749 :
1094 1717 1152 1751 hic
1171 1717 1352 1763 sumpsisti
1371 1724 1544 1750 mutuum.

488 1840 578 1880 LII.
617 1838 776 1881 Dilexit
806 1848 848 1881 et
877 1840 1067 1898 reginas,
1097 1840 1206 1881 inter
1234 1855 1338 1897 quas
1369 1840 1549 1881 Eunoen
1581 1840 1776 1880 Mauram

428 1916 612 1976 Bogudis
646 1934 823 1960 uxorem
859 1935 867 1960 :
902 1920 969 1961 cui
1008 1920 1244 1977 maritoque
1278 1919 1367 1977 ejus
1404 1918 1588 1977 plurima
1622 1927 1663 1959 ct
1698 1918 1775 1958 ini-2

428 2012 569 2038 mensa
605 1996 777 2051 tribuit,
818 2007 864 2040 ut
898 1999 1015 2041 Naso
1051 1998 1249 2056 scripsit:
1278 1996 1348 2039 sed
1380 1997 1561 2038 maxime
1593 1995 1773 2054 Cleopa-

426 2085 560 2130 tram,
588 2093 685 2118 cum
712 2093 797 2134 qua
821 2086 861 2118 et
886 2077 1082 2118 convivia
1108 2078 1149 2118 in
1176 2077 1355 2135 primam
1383 2076 1519 2119 lucem
1543 2092 1651 2136 saepe
1676 2092 1775 2135 pro-

427 2155 576 2209 traxit,
605 2165 645 2197 ct
678 2154 825 2197 eadem
857 2172 963 2197 nave
993 2155 1232 2215 thalamego
1264 2172 1381 2215 paene
1413 2156 1626 2215 AEtliiopia
1656 2165 1777 2198 tenus

429 2234 656 2292 AEgypl'um
694 2236 953 2293 penetravit,
986 2235 1065 2276 nisi
1101 2236 1308 2277 exercitus
1343 2235 1461 2293 sequi
1498 2244 1727 2277 recusasset
1766 2250 1774 2275 :

425 2328 553 2370 quam
577 2312 760 2371 denique
785 2314 959 2355 accitam
988 2314 1026 2355 in
1059 2314 1204 2355 urbem
1222 2348 1232 2368 ,
1263 2330 1347 2356 non
1376 2314 1454 2356 nisi
1482 2313 1674 2356 maximis
1698 2313 1774 2355 ho-

427 2392 601 2433 noribus
642 2392 908 2451 praemiisque
946 2402 1113 2435 auctam
1149 2394 1335 2447 remisit,
1372 2391 1593 2451 filiumque
1629 2401 1774 2434 natum

425 2469 638 2530 appellare
672 2473 843 2513 nomine
875 2489 952 2514 suo
988 2488 1133 2531 passus
1169 2481 1263 2513 est:
1296 2487 1420 2530 quem
1457 2470 1628 2530 quidem
1664 2487 1771 2512 non—

429 2548 529 2589 nulli
567 2552 817 2592 (Imm-orum
857 2550 1033 2593 similem
1069 2567 1239 2608 quoquc
1277 2551 1453 2593 (laesaris
1486 2560 1526 2592 et
1563 2548 1697 2591 forma
1733 2559 1766 2590 ct

428 2627 588 2668 incessu
618 2628 897 2671 tradiderunt.
930 2631 987 2671 M.
1020 2630 1229 2671 Antonius
1256 2631 1448 2686 agnitum
1474 2630 1596 2671 etiam
1625 2628 1675 2670 ab
1701 2646 1773 2681 co,
