<?xml version="1.0" encoding="UTF-8"?>
<!DOCTYPE html PUBLIC "-//W3C//DTD XHTML 1.0 Transitional//EN"
    "http://www.w3.org/TR/xhtml1/DTD/xhtml1-transitional.dtd">
<html xmlns="http://www.w3.org/1999/xhtml" xml:lang="en" lang="en">
 <head>
  <title>
</title>
<meta http-equiv="Content-Type" content="text/html;charset=utf-8" />
  <meta name='ocr-system' content='tesseract 3.04.00' />
  <meta name='ocr-capabilities' content='ocr_page ocr_carea ocr_par ocr_line ocrx_word'/>
</head>
<body>
  <div class='ocr_page' id='page_1' title='image "./operagro00suetuoft_0314.png"; bbox 0 0 1971 3342; ppageno 0'>
   <div class='ocr_carea' id='block_1_1' title="bbox 348 193 1741 2588">
    <p class='ocr_par' dir='ltr' id='par_1_1' title="bbox 352 193 1737 742">
     <span class='ocr_line' id='line_1_1' title="bbox 885 193 1187 229; baseline -0.003 -1"><span class='ocrx_word' id='word_1_1' title='bbox 885 193 924 228; x_wconf 89' lang='lat' dir='ltr'>C.</span> <span class='ocrx_word' id='word_1_2' title='bbox 955 193 1187 229; x_wconf 73' lang='lat' dir='ltr'>SUETONII</span> 
     </span>
     <span class='ocr_line' id='line_1_2' title="bbox 357 275 1735 339; baseline -0.001 -18"><span class='ocrx_word' id='word_1_3' title='bbox 357 280 489 322; x_wconf 87' lang='lat' dir='ltr'>struis</span> <span class='ocrx_word' id='word_1_4' title='bbox 515 277 720 339; x_wconf 82' lang='lat' dir='ltr'>deinceps</span> <span class='ocrx_word' id='word_1_5' title='bbox 750 276 1142 338; x_wconf 74' lang='lat' dir='ltr'>supplicationibus</span> <span class='ocrx_word' id='word_1_6' title='bbox 1165 286 1205 320; x_wconf 83' lang='lat' dir='ltr'>et</span> <span class='ocrx_word' id='word_1_7' title='bbox 1236 275 1464 337; x_wconf 79' lang='lat' dir='ltr'>pervigilio</span> <span class='ocrx_word' id='word_1_8' title='bbox 1489 276 1735 320; x_wconf 79' lang='lat' dir='ltr'>anniversa-</span> 
     </span>
     <span class='ocr_line' id='line_1_3' title="bbox 353 357 1732 418; baseline -0.003 -16"><span class='ocrx_word' id='word_1_9' title='bbox 353 360 419 402; x_wconf 88' lang='lat' dir='ltr'>rio</span> <span class='ocrx_word' id='word_1_10' title='bbox 441 358 587 402; x_wconf 83' lang='lat' dir='ltr'>coluit.</span> <span class='ocrx_word' id='word_1_11' title='bbox 610 359 892 418; x_wconf 77' lang='lat' dir='ltr'>Quamquam</span> <span class='ocrx_word' id='word_1_12' title='bbox 911 367 1036 401; x_wconf 85' lang='lat' dir='ltr'>aetate</span> <span class='ocrx_word' id='word_1_13' title='bbox 1059 357 1254 401; x_wconf 88' lang='lat' dir='ltr'>nondum</span> <span class='ocrx_word' id='word_1_14' title='bbox 1280 358 1521 411; x_wconf 79' lang='lat' dir='ltr'>constanti,</span> <span class='ocrx_word' id='word_1_15' title='bbox 1542 366 1732 400; x_wconf 83' lang='lat' dir='ltr'>veterem</span> 
     </span>
     <span class='ocr_line' id='line_1_4' title="bbox 353 436 1735 498; baseline -0.002 -15"><span class='ocrx_word' id='word_1_16' title='bbox 353 440 540 483; x_wconf 85' lang='lat' dir='ltr'>civitatis</span> <span class='ocrx_word' id='word_1_17' title='bbox 571 438 877 498; x_wconf 67' lang='lat' dir='ltr'>exoletumque</span> <span class='ocrx_word' id='word_1_18' title='bbox 908 454 1100 489; x_wconf 86' lang='lat' dir='ltr'>morem,</span> <span class='ocrx_word' id='word_1_19' title='bbox 1132 454 1180 480; x_wconf 83' lang='lat' dir='ltr'>ac</span> <span class='ocrx_word' id='word_1_20' title='bbox 1211 446 1382 481; x_wconf 88' lang='lat' dir='ltr'>tantum</span> <span class='ocrx_word' id='word_1_21' title='bbox 1414 437 1458 479; x_wconf 90' lang='lat' dir='ltr'>in</span> <span class='ocrx_word' id='word_1_22' title='bbox 1494 436 1624 480; x_wconf 89' lang='lat' dir='ltr'>domo</span> <span class='ocrx_word' id='word_1_23' title='bbox 1658 453 1735 480; x_wconf 87' lang='lat' dir='ltr'>sua</span> 
     </span>
     <span class='ocr_line' id='line_1_5' title="bbox 352 515 1737 576; baseline -0.003 -12"><span class='ocrx_word' id='word_1_24' title='bbox 352 520 618 575; x_wconf 85' lang='lat' dir='ltr'>haerentem,</span> <span class='ocrx_word' id='word_1_25' title='bbox 652 519 991 564; x_wconf 79' lang='lat' dir='ltr'>obstinatissime</span> <span class='ocrx_word' id='word_1_26' title='bbox 1027 519 1229 574; x_wconf 77' lang='lat' dir='ltr'>retinuit,</span> <span class='ocrx_word' id='word_1_27' title='bbox 1265 527 1314 561; x_wconf 89' lang='lat' dir='ltr'>ut</span> <span class='ocrx_word' id='word_1_28' title='bbox 1354 515 1499 560; x_wconf 91' lang='lat' dir='ltr'>liberti</span> <span class='ocrx_word' id='word_1_29' title='bbox 1538 517 1737 576; x_wconf 88' lang='lat' dir='ltr'>servique</span> 
     </span>
     <span class='ocr_line' id='line_1_6' title="bbox 354 596 1736 660; baseline -0.004 -15"><span class='ocrx_word' id='word_1_30' title='bbox 354 601 419 645; x_wconf 86' lang='lat' dir='ltr'>bis</span> <span class='ocrx_word' id='word_1_31' title='bbox 455 600 523 645; x_wconf 90' lang='lat' dir='ltr'>die</span> <span class='ocrx_word' id='word_1_32' title='bbox 558 601 804 660; x_wconf 82' lang='lat' dir='ltr'>frequentes</span> <span class='ocrx_word' id='word_1_33' title='bbox 842 598 1069 653; x_wconf 79' lang='lat' dir='ltr'>adessent,</span> <span class='ocrx_word' id='word_1_34' title='bbox 1101 614 1150 641; x_wconf 86' lang='grc'><strong>36</strong></span> <span class='ocrx_word' id='word_1_35' title='bbox 1184 614 1309 641; x_wconf 88' lang='grc'><strong>1113116</strong></span> <span class='ocrx_word' id='word_1_36' title='bbox 1344 596 1534 652; x_wconf 83' lang='lat' dir='ltr'>salvere,</span> <span class='ocrx_word' id='word_1_37' title='bbox 1567 597 1736 657; x_wconf 86' lang='lat' dir='ltr'>vesperi</span> 
     </span>
     <span class='ocr_line' id='line_1_7' title="bbox 353 679 1024 742; baseline -0.001 -18"><span class='ocrx_word' id='word_1_38' title='bbox 353 681 497 726; x_wconf 83' lang='lat' dir='ltr'>valere</span> <span class='ocrx_word' id='word_1_39' title='bbox 522 682 602 725; x_wconf 89' lang='lat' dir='ltr'>sibi</span> <span class='ocrx_word' id='word_1_40' title='bbox 631 680 790 742; x_wconf 82' lang='lat' dir='ltr'>singuli</span> <span class='ocrx_word' id='word_1_41' title='bbox 817 679 1024 723; x_wconf 78' lang='lat' dir='ltr'>dicerent.</span> 
     </span>
    </p>

    <p class='ocr_par' dir='ltr' id='par_1_2' title="bbox 348 758 1741 1863">
     <span class='ocr_line' id='line_1_8' title="bbox 417 758 1739 820; baseline -0.002 -15"><span class='ocrx_word' id='word_1_42' title='bbox 417 765 470 805; x_wconf 84' lang='lat' dir='ltr'>V.</span> <span class='ocrx_word' id='word_1_43' title='bbox 498 765 619 805; x_wconf 87' lang='lat' dir='ltr'>Inter</span> <span class='ocrx_word' id='word_1_44' title='bbox 644 759 841 804; x_wconf 87' lang='lat' dir='ltr'>liberales</span> <span class='ocrx_word' id='word_1_45' title='bbox 866 758 1117 820; x_wconf 89' lang='lat' dir='ltr'>disciplinas</span> <span class='ocrx_word' id='word_1_46' title='bbox 1142 760 1325 803; x_wconf 85' lang='lat' dir='ltr'>attendit</span> <span class='ocrx_word' id='word_1_47' title='bbox 1351 770 1391 803; x_wconf 90' lang='lat' dir='ltr'>et</span> <span class='ocrx_word' id='word_1_48' title='bbox 1412 760 1515 819; x_wconf 86' lang='lat' dir='ltr'>juri.</span> <span class='ocrx_word' id='word_1_49' title='bbox 1535 759 1669 804; x_wconf 86' lang='lat' dir='ltr'>Dedit</span> <span class='ocrx_word' id='word_1_50' title='bbox 1694 769 1739 803; x_wconf 82' lang='lat' dir='ltr'>et</span> 
     </span>
     <span class='ocr_line' id='line_1_9' title="bbox 353 839 1736 902; baseline -0.002 -17"><span class='ocrx_word' id='word_1_51' title='bbox 353 843 634 886; x_wconf 84' lang='lat' dir='ltr'>matrimonio</span> <span class='ocrx_word' id='word_1_52' title='bbox 654 858 830 902; x_wconf 80' lang='lat' dir='ltr'>operam</span> <span class='ocrx_word' id='word_1_53' title='bbox 849 857 857 883; x_wconf 90' lang='lat'>:</span> <span class='ocrx_word' id='word_1_54' title='bbox 875 857 1027 883; x_wconf 75' lang='lat' dir='ltr'>verum</span> <span class='ocrx_word' id='word_1_55' title='bbox 1044 874 1054 890; x_wconf 80' lang='lat'>,</span> <span class='ocrx_word' id='word_1_56' title='bbox 1076 840 1230 883; x_wconf 88' lang='lat' dir='ltr'>amissa</span> <span class='ocrx_word' id='word_1_57' title='bbox 1254 857 1389 883; x_wconf 79' lang='lat' dir='ltr'>uxore</span> <span class='ocrx_word' id='word_1_58' title='bbox 1407 839 1601 901; x_wconf 87' lang='lat' dir='ltr'>Lepida,</span> <span class='ocrx_word' id='word_1_59' title='bbox 1626 839 1736 882; x_wconf 91' lang='lat' dir='ltr'>duo-</span> 
     </span>
     <span class='ocr_line' id='line_1_10' title="bbox 353 918 1736 982; baseline -0.003 -16"><span class='ocrx_word' id='word_1_60' title='bbox 353 923 522 982; x_wconf 86' lang='lat' dir='ltr'>busque</span> <span class='ocrx_word' id='word_1_61' title='bbox 553 939 603 965; x_wconf 68' lang='grc'>611</span> <span class='ocrx_word' id='word_1_62' title='bbox 631 939 678 965; x_wconf 90' lang='grc'><strong>63</strong></span> <span class='ocrx_word' id='word_1_63' title='bbox 708 920 807 965; x_wconf 88' lang='lat' dir='ltr'>filiis</span> <span class='ocrx_word' id='word_1_64' title='bbox 825 956 835 973; x_wconf 79' lang='lat'>,</span> <span class='ocrx_word' id='word_1_65' title='bbox 862 920 1138 965; x_wconf 81' lang='lat' dir='ltr'>remansitin</span> <span class='ocrx_word' id='word_1_66' title='bbox 1162 918 1384 971; x_wconf 78' lang='lat' dir='ltr'>caetibatu,</span> <span class='ocrx_word' id='word_1_67' title='bbox 1410 936 1551 980; x_wconf 88' lang='lat' dir='ltr'>neque</span> <span class='ocrx_word' id='word_1_68' title='bbox 1576 918 1736 963; x_wconf 89' lang='lat' dir='ltr'>sollici-</span> 
     </span>
     <span class='ocr_line' id='line_1_11' title="bbox 353 1000 1738 1061; baseline -0.002 -15"><span class='ocrx_word' id='word_1_69' title='bbox 353 1003 436 1046; x_wconf 87' lang='lat' dir='ltr'>tari</span> <span class='ocrx_word' id='word_1_70' title='bbox 467 1001 555 1045; x_wconf 90' lang='lat' dir='ltr'>ulla</span> <span class='ocrx_word' id='word_1_71' title='bbox 582 1001 834 1046; x_wconf 87' lang='lat' dir='ltr'>conditione</span> <span class='ocrx_word' id='word_1_72' title='bbox 864 1000 1052 1061; x_wconf 87' lang='lat' dir='ltr'>amplius</span> <span class='ocrx_word' id='word_1_73' title='bbox 1078 1000 1249 1060; x_wconf 88' lang='lat' dir='ltr'>potuit,</span> <span class='ocrx_word' id='word_1_74' title='bbox 1274 1016 1328 1042; x_wconf 87' lang='lat' dir='ltr'>ne</span> <span class='ocrx_word' id='word_1_75' title='bbox 1356 1000 1608 1060; x_wconf 82' lang='lat' dir='ltr'>Agrippinae</span> <span class='ocrx_word' id='word_1_76' title='bbox 1641 1000 1738 1059; x_wconf 91' lang='lat' dir='ltr'>qui-</span> 
     </span>
     <span class='ocr_line' id='line_1_12' title="bbox 354 1081 1738 1140; baseline -0.002 -15"><span class='ocrx_word' id='word_1_77' title='bbox 354 1082 480 1137; x_wconf 89' lang='lat' dir='ltr'>dem,</span> <span class='ocrx_word' id='word_1_78' title='bbox 519 1083 706 1126; x_wconf 58' lang='lat' dir='ltr'>viduatae</span> <span class='ocrx_word' id='word_1_79' title='bbox 750 1091 889 1125; x_wconf 87' lang='lat' dir='ltr'>morte</span> <span class='ocrx_word' id='word_1_80' title='bbox 925 1082 1137 1135; x_wconf 87' lang='lat' dir='ltr'>Domitii,</span> <span class='ocrx_word' id='word_1_81' title='bbox 1178 1097 1270 1140; x_wconf 83' lang='lat' dir='ltr'>quae</span> <span class='ocrx_word' id='word_1_82' title='bbox 1315 1081 1523 1123; x_wconf 88' lang='lat' dir='ltr'>maritum</span> <span class='ocrx_word' id='word_1_83' title='bbox 1563 1096 1738 1140; x_wconf 89' lang='lat' dir='ltr'>quoque</span> 
     </span>
     <span class='ocr_line' id='line_1_13' title="bbox 353 1159 1741 1216; baseline -0.002 -10"><span class='ocrx_word' id='word_1_84' title='bbox 353 1162 498 1206; x_wconf 84' lang='lat' dir='ltr'>adhuc</span> <span class='ocrx_word' id='word_1_85' title='bbox 524 1162 709 1206; x_wconf 83' lang='lat' dir='ltr'>necdum</span> <span class='ocrx_word' id='word_1_86' title='bbox 739 1161 961 1216; x_wconf 67' lang='lat' dir='ltr'>caelibem,</span> <span class='ocrx_word' id='word_1_87' title='bbox 991 1159 1179 1204; x_wconf 85' lang='lat' dir='ltr'>Galbam</span> <span class='ocrx_word' id='word_1_88' title='bbox 1210 1160 1318 1203; x_wconf 89' lang='lat' dir='ltr'>adeo</span> <span class='ocrx_word' id='word_1_89' title='bbox 1346 1159 1550 1203; x_wconf 85' lang='lat' dir='ltr'>omnibus</span> <span class='ocrx_word' id='word_1_90' title='bbox 1580 1159 1741 1203; x_wconf 89' lang='lat' dir='ltr'>sollici-</span> 
     </span>
     <span class='ocr_line' id='line_1_14' title="bbox 354 1242 1738 1301; baseline -0.001 -15"><span class='ocrx_word' id='word_1_91' title='bbox 354 1253 521 1286; x_wconf 81' lang='lat' dir='ltr'>taverat</span> <span class='ocrx_word' id='word_1_92' title='bbox 562 1242 730 1297; x_wconf 90' lang='lat' dir='ltr'>modis,</span> <span class='ocrx_word' id='word_1_93' title='bbox 770 1252 817 1285; x_wconf 92' lang='lat' dir='ltr'>ut</span> <span class='ocrx_word' id='word_1_94' title='bbox 852 1242 895 1285; x_wconf 91' lang='grc'>111</span> <span class='ocrx_word' id='word_1_95' title='bbox 930 1250 1149 1285; x_wconf 76' lang='lat' dir='ltr'>conventu</span> <span class='ocrx_word' id='word_1_96' title='bbox 1187 1250 1492 1284; x_wconf 83' lang='lat' dir='ltr'>matronarum</span> <span class='ocrx_word' id='word_1_97' title='bbox 1536 1251 1738 1301; x_wconf 86' lang='lat' dir='ltr'>correpta</span> 
     </span>
     <span class='ocr_line' id='line_1_15' title="bbox 348 1321 1737 1384; baseline -0.001 -18"><span class='ocrx_word' id='word_1_98' title='bbox 348 1323 518 1384; x_wconf 84' lang='lat' dir='ltr'>jurgio,</span> <span class='ocrx_word' id='word_1_99' title='bbox 546 1333 676 1383; x_wconf 84' lang='lat' dir='ltr'>atque</span> <span class='ocrx_word' id='word_1_100' title='bbox 705 1324 836 1366; x_wconf 82' lang='lat' dir='ltr'>etiam</span> <span class='ocrx_word' id='word_1_101' title='bbox 868 1338 1000 1365; x_wconf 81' lang='lat' dir='ltr'>manu</span> <span class='ocrx_word' id='word_1_102' title='bbox 1030 1321 1196 1382; x_wconf 70' lang='lat' dir='ltr'>pulsata</span> <span class='ocrx_word' id='word_1_103' title='bbox 1232 1322 1286 1364; x_wconf 84' lang='lat' dir='ltr'>sit</span> <span class='ocrx_word' id='word_1_104' title='bbox 1322 1337 1345 1364; x_wconf 85' lang='lat' dir='ltr'>a</span> <span class='ocrx_word' id='word_1_105' title='bbox 1378 1330 1516 1364; x_wconf 88' lang='lat' dir='ltr'>matre</span> <span class='ocrx_word' id='word_1_106' title='bbox 1546 1321 1737 1382; x_wconf 79' lang='lat' dir='ltr'>Lepidae.</span> 
     </span>
     <span class='ocr_line' id='line_1_16' title="bbox 354 1401 1741 1462; baseline 0 -17"><span class='ocrx_word' id='word_1_107' title='bbox 354 1402 615 1447; x_wconf 79' lang='lat' dir='ltr'>observavit</span> <span class='ocrx_word' id='word_1_108' title='bbox 637 1414 737 1446; x_wconf 90' lang='lat' dir='ltr'>ante</span> <span class='ocrx_word' id='word_1_109' title='bbox 761 1420 910 1447; x_wconf 90' lang='lat' dir='ltr'>omnes</span> <span class='ocrx_word' id='word_1_110' title='bbox 935 1403 1107 1446; x_wconf 75' lang='lat' dir='ltr'>Liviam</span> <span class='ocrx_word' id='word_1_111' title='bbox 1133 1404 1376 1462; x_wconf 76' lang='lat' dir='ltr'>Augustam</span> <span class='ocrx_word' id='word_1_112' title='bbox 1397 1419 1405 1444; x_wconf 94' lang='lat'><strong>:</strong></span> <span class='ocrx_word' id='word_1_113' title='bbox 1428 1401 1553 1461; x_wconf 87' lang='lat' dir='ltr'>cujus</span> <span class='ocrx_word' id='word_1_114' title='bbox 1571 1411 1614 1445; x_wconf 86' lang='lat' dir='ltr'>et</span> <span class='ocrx_word' id='word_1_115' title='bbox 1631 1402 1741 1445; x_wconf 84' lang='lat' dir='ltr'>vivae</span> 
     </span>
     <span class='ocr_line' id='line_1_17' title="bbox 355 1482 1739 1544; baseline -0.001 -17"><span class='ocrx_word' id='word_1_116' title='bbox 355 1485 494 1544; x_wconf 83' lang='lat' dir='ltr'>gratia</span> <span class='ocrx_word' id='word_1_117' title='bbox 517 1483 759 1544; x_wconf 86' lang='lat' dir='ltr'>plurimum</span> <span class='ocrx_word' id='word_1_118' title='bbox 781 1483 938 1538; x_wconf 70' lang='lat' dir='ltr'>valuit,</span> <span class='ocrx_word' id='word_1_119' title='bbox 966 1493 1007 1526; x_wconf 93' lang='lat' dir='ltr'>et</span> <span class='ocrx_word' id='word_1_120' title='bbox 1035 1492 1217 1526; x_wconf 78' lang='lat' dir='ltr'>mortuae</span> <span class='ocrx_word' id='word_1_121' title='bbox 1241 1491 1502 1525; x_wconf 87' lang='lat' dir='ltr'>testamento</span> <span class='ocrx_word' id='word_1_122' title='bbox 1528 1498 1649 1542; x_wconf 86' lang='lat' dir='ltr'>paene</span> <span class='ocrx_word' id='word_1_123' title='bbox 1673 1482 1739 1525; x_wconf 87' lang='lat' dir='ltr'>di-</span> 
     </span>
     <span class='ocr_line' id='line_1_18' title="bbox 355 1562 1741 1623; baseline 0 -16"><span class='ocrx_word' id='word_1_124' title='bbox 355 1573 472 1607; x_wconf 87' lang='lat' dir='ltr'>tatus</span> <span class='ocrx_word' id='word_1_125' title='bbox 500 1574 563 1607; x_wconf 89' lang='lat' dir='ltr'>est</span> <span class='ocrx_word' id='word_1_126' title='bbox 592 1581 600 1606; x_wconf 73' lang='grc'>1</span> <span class='ocrx_word' id='word_1_127' title='bbox 632 1565 879 1607; x_wconf 80' lang='lat' dir='ltr'>sestertium</span> <span class='ocrx_word' id='word_1_128' title='bbox 911 1580 1100 1623; x_wconf 84' lang='lat' dir='ltr'>namque</span> <span class='ocrx_word' id='word_1_129' title='bbox 1128 1562 1404 1622; x_wconf 81' lang='lat' dir='ltr'>quingenties</span> <span class='ocrx_word' id='word_1_130' title='bbox 1434 1579 1569 1622; x_wconf 88' lang='lat' dir='ltr'>quum</span> <span class='ocrx_word' id='word_1_131' title='bbox 1592 1564 1741 1623; x_wconf 86' lang='lat' dir='ltr'>praeci-</span> 
     </span>
     <span class='ocr_line' id='line_1_19' title="bbox 355 1643 1739 1704; baseline -0.001 -17"><span class='ocrx_word' id='word_1_132' title='bbox 355 1661 493 1704; x_wconf 87' lang='lat' dir='ltr'>puum</span> <span class='ocrx_word' id='word_1_133' title='bbox 525 1645 638 1687; x_wconf 85' lang='lat' dir='ltr'>inter</span> <span class='ocrx_word' id='word_1_134' title='bbox 663 1643 896 1704; x_wconf 76' lang='lat' dir='ltr'>legatarios</span> <span class='ocrx_word' id='word_1_135' title='bbox 920 1643 1166 1695; x_wconf 77' lang='lat' dir='ltr'>habuisset,</span> <span class='ocrx_word' id='word_1_136' title='bbox 1193 1643 1295 1702; x_wconf 88' lang='lat' dir='ltr'>quia</span> <span class='ocrx_word' id='word_1_137' title='bbox 1322 1652 1470 1685; x_wconf 90' lang='lat' dir='ltr'>notata</span> <span class='ocrx_word' id='word_1_138' title='bbox 1487 1677 1498 1695; x_wconf 89' lang='lat'>,</span> <span class='ocrx_word' id='word_1_139' title='bbox 1528 1659 1616 1686; x_wconf 92' lang='lat' dir='ltr'>non</span> <span class='ocrx_word' id='word_1_140' title='bbox 1643 1659 1739 1702; x_wconf 87' lang='lat' dir='ltr'>per-</span> 
     </span>
     <span class='ocr_line' id='line_1_20' title="bbox 355 1721 1741 1784; baseline -0.001 -17"><span class='ocrx_word' id='word_1_141' title='bbox 355 1724 516 1784; x_wconf 87' lang='lat' dir='ltr'>scripta</span> <span class='ocrx_word' id='word_1_142' title='bbox 531 1734 624 1767; x_wconf 87' lang='lat' dir='ltr'>erat</span> <span class='ocrx_word' id='word_1_143' title='bbox 641 1740 828 1767; x_wconf 89' lang='lat' dir='ltr'>summa.</span> <span class='ocrx_word' id='word_1_144' title='bbox 845 1723 1004 1766; x_wconf 82' lang='lat' dir='ltr'>herede</span> <span class='ocrx_word' id='word_1_145' title='bbox 1024 1723 1199 1765; x_wconf 85' lang='lat' dir='ltr'>Tiberio</span> <span class='ocrx_word' id='word_1_146' title='bbox 1219 1721 1411 1782; x_wconf 84' lang='lat' dir='ltr'>legatum</span> <span class='ocrx_word' id='word_1_147' title='bbox 1429 1722 1479 1765; x_wconf 92' lang='lat' dir='ltr'>ad</span> <span class='ocrx_word' id='word_1_148' title='bbox 1499 1723 1741 1784; x_wconf 84' lang='lat' dir='ltr'>quingenta</span> 
     </span>
     <span class='ocr_line' id='line_1_21' title="bbox 354 1803 1213 1863; baseline -0.002 -16"><span class='ocrx_word' id='word_1_149' title='bbox 354 1814 614 1860; x_wconf 80' lang='lat' dir='ltr'>revocante,</span> <span class='ocrx_word' id='word_1_150' title='bbox 640 1820 693 1846; x_wconf 92' lang='lat' dir='ltr'>ne</span> <span class='ocrx_word' id='word_1_151' title='bbox 717 1804 807 1846; x_wconf 77' lang='lat' dir='ltr'>haec</span> <span class='ocrx_word' id='word_1_152' title='bbox 837 1803 1013 1862; x_wconf 87' lang='lat' dir='ltr'>quidem</span> <span class='ocrx_word' id='word_1_153' title='bbox 1035 1804 1213 1863; x_wconf 83' lang='lat' dir='ltr'>accepit.</span> 
     </span>
    </p>

    <p class='ocr_par' dir='ltr' id='par_1_3' title="bbox 355 1882 1741 2588">
     <span class='ocr_line' id='line_1_22' title="bbox 419 1882 1741 1944; baseline 0 -17"><span class='ocrx_word' id='word_1_154' title='bbox 419 1884 494 1927; x_wconf 86' lang='lat' dir='ltr'>VI.</span> <span class='ocrx_word' id='word_1_155' title='bbox 527 1884 782 1927; x_wconf 81' lang='lat' dir='ltr'>Honoribus</span> <span class='ocrx_word' id='word_1_156' title='bbox 809 1894 909 1926; x_wconf 85' lang='grc'><strong>31116</strong></span> <span class='ocrx_word' id='word_1_157' title='bbox 936 1882 1179 1944; x_wconf 78' lang='lat' dir='ltr'>legitimum</span> <span class='ocrx_word' id='word_1_158' title='bbox 1209 1893 1382 1943; x_wconf 88' lang='lat' dir='ltr'>tempus</span> <span class='ocrx_word' id='word_1_159' title='bbox 1409 1884 1526 1927; x_wconf 88' lang='lat' dir='ltr'>initis</span> <span class='ocrx_word' id='word_1_160' title='bbox 1543 1919 1554 1936; x_wconf 85' lang='lat'>,</span> <span class='ocrx_word' id='word_1_161' title='bbox 1580 1894 1741 1944; x_wconf 77' lang='lat' dir='ltr'>praetor</span> 
     </span>
     <span class='ocr_line' id='line_1_23' title="bbox 355 1962 1738 2025; baseline 0 -18"><span class='ocrx_word' id='word_1_162' title='bbox 355 1964 661 2007; x_wconf 87' lang='lat' dir='ltr'>commissione</span> <span class='ocrx_word' id='word_1_163' title='bbox 686 1962 891 2006; x_wconf 83' lang='lat' dir='ltr'>ludorum</span> <span class='ocrx_word' id='word_1_164' title='bbox 914 1962 1176 2015; x_wconf 81' lang='lat' dir='ltr'>Floralium,</span> <span class='ocrx_word' id='word_1_165' title='bbox 1208 1979 1372 2005; x_wconf 90' lang='lat' dir='ltr'>novum</span> <span class='ocrx_word' id='word_1_166' title='bbox 1398 1962 1635 2023; x_wconf 85' lang='lat' dir='ltr'>spectaculi</span> <span class='ocrx_word' id='word_1_167' title='bbox 1665 1981 1738 2025; x_wconf 84' lang='lat' dir='ltr'>ge-</span> 
     </span>
     <span class='ocr_line' id='line_1_24' title="bbox 356 2041 1741 2105; baseline 0.001 -18"><span class='ocrx_word' id='word_1_168' title='bbox 356 2060 457 2097; x_wconf 90' lang='lat' dir='ltr'>nus,</span> <span class='ocrx_word' id='word_1_169' title='bbox 497 2042 752 2104; x_wconf 88' lang='lat' dir='ltr'>elephantos</span> <span class='ocrx_word' id='word_1_170' title='bbox 796 2042 1072 2086; x_wconf 80' lang='lat' dir='ltr'>funambulos</span> <span class='ocrx_word' id='word_1_171' title='bbox 1095 2075 1105 2096; x_wconf 90' lang='lat'>,</span> <span class='ocrx_word' id='word_1_172' title='bbox 1153 2041 1314 2097; x_wconf 80' lang='lat' dir='ltr'>edidit3</span> <span class='ocrx_word' id='word_1_173' title='bbox 1357 2044 1456 2086; x_wconf 80' lang='lat' dir='ltr'>exin</span> <span class='ocrx_word' id='word_1_174' title='bbox 1506 2044 1741 2105; x_wconf 82' lang='lat' dir='ltr'>provinciae</span> 
     </span>
     <span class='ocr_line' id='line_1_25' title="bbox 355 2122 1740 2185; baseline 0.001 -18"><span class='ocrx_word' id='word_1_175' title='bbox 355 2124 605 2184; x_wconf 78' lang='lat' dir='ltr'>Aquitaniae</span> <span class='ocrx_word' id='word_1_176' title='bbox 631 2140 748 2167; x_wconf 86' lang='lat' dir='ltr'>anno</span> <span class='ocrx_word' id='word_1_177' title='bbox 771 2123 859 2166; x_wconf 63' lang='lat' dir='ltr'>fere</span> <span class='ocrx_word' id='word_1_178' title='bbox 886 2122 1059 2183; x_wconf 84' lang='lat' dir='ltr'>praefuit</span> <span class='ocrx_word' id='word_1_179' title='bbox 1088 2140 1095 2165; x_wconf 91' lang='lat'>:</span> <span class='ocrx_word' id='word_1_180' title='bbox 1121 2139 1218 2165; x_wconf 81' lang='lat' dir='ltr'>mox</span> <span class='ocrx_word' id='word_1_181' title='bbox 1249 2122 1526 2167; x_wconf 84' lang='lat' dir='ltr'>consulatum</span> <span class='ocrx_word' id='word_1_182' title='bbox 1564 2141 1641 2185; x_wconf 86' lang='lat' dir='ltr'>per</span> <span class='ocrx_word' id='word_1_183' title='bbox 1666 2142 1740 2168; x_wconf 82' lang='lat' dir='ltr'>sex</span> 
     </span>
     <span class='ocr_line' id='line_1_26' title="bbox 357 2203 1738 2265; baseline 0.001 -18"><span class='ocrx_word' id='word_1_184' title='bbox 357 2220 525 2247; x_wconf 88' lang='lat' dir='ltr'>menses</span> <span class='ocrx_word' id='word_1_185' title='bbox 549 2203 824 2247; x_wconf 85' lang='lat' dir='ltr'>ordinarium</span> <span class='ocrx_word' id='word_1_186' title='bbox 847 2205 977 2264; x_wconf 84' lang='lat' dir='ltr'>gessit</span> <span class='ocrx_word' id='word_1_187' title='bbox 1007 2221 1016 2246; x_wconf 89' lang='lat'><strong>:</strong></span> <span class='ocrx_word' id='word_1_188' title='bbox 1042 2204 1298 2263; x_wconf 79' lang='lat' dir='ltr'>evenitque,</span> <span class='ocrx_word' id='word_1_189' title='bbox 1326 2213 1373 2247; x_wconf 87' lang='lat' dir='ltr'>ut</span> <span class='ocrx_word' id='word_1_190' title='bbox 1395 2204 1437 2246; x_wconf 92' lang='lat' dir='ltr'>in</span> <span class='ocrx_word' id='word_1_191' title='bbox 1463 2221 1514 2248; x_wconf 90' lang='lat' dir='ltr'>eo</span> <span class='ocrx_word' id='word_1_192' title='bbox 1541 2205 1631 2265; x_wconf 88' lang='lat' dir='ltr'>ipse</span> <span class='ocrx_word' id='word_1_193' title='bbox 1658 2207 1738 2249; x_wconf 86' lang='lat' dir='ltr'>Cn.</span> 
     </span>
     <span class='ocr_line' id='line_1_27' title="bbox 356 2284 1740 2346; baseline -0.001 -16"><span class='ocrx_word' id='word_1_194' title='bbox 356 2286 582 2341; x_wconf 89' lang='lat' dir='ltr'>Domitio,</span> <span class='ocrx_word' id='word_1_195' title='bbox 608 2285 722 2346; x_wconf 89' lang='lat' dir='ltr'>patri</span> <span class='ocrx_word' id='word_1_196' title='bbox 746 2286 959 2341; x_wconf 69' lang='lat' dir='ltr'>Neronis,</span> <span class='ocrx_word' id='word_1_197' title='bbox 985 2286 1066 2345; x_wconf 86' lang='lat' dir='ltr'>ipsi</span> <span class='ocrx_word' id='word_1_198' title='bbox 1094 2284 1264 2328; x_wconf 81' lang='lat' dir='ltr'>Salvius</span> <span class='ocrx_word' id='word_1_199' title='bbox 1292 2285 1430 2341; x_wconf 81' lang='lat' dir='ltr'>Otho,</span> <span class='ocrx_word' id='word_1_200' title='bbox 1455 2296 1580 2346; x_wconf 80' lang='lat' dir='ltr'>pater</span> <span class='ocrx_word' id='word_1_201' title='bbox 1605 2287 1740 2330; x_wconf 89' lang='lat' dir='ltr'>Otho-</span> 
     </span>
     <span class='ocr_line' id='line_1_28' title="bbox 356 2364 1739 2426; baseline 0.001 -18"><span class='ocrx_word' id='word_1_202' title='bbox 356 2367 446 2421; x_wconf 88' lang='lat' dir='ltr'>nis,</span> <span class='ocrx_word' id='word_1_203' title='bbox 474 2365 742 2421; x_wconf 83' lang='lat' dir='ltr'>succederet,</span> <span class='ocrx_word' id='word_1_204' title='bbox 763 2364 883 2409; x_wconf 80' lang='lat' dir='ltr'>velut</span> <span class='ocrx_word' id='word_1_205' title='bbox 905 2367 1162 2426; x_wconf 78' lang='lat' dir='ltr'>praesagium</span> <span class='ocrx_word' id='word_1_206' title='bbox 1193 2366 1459 2426; x_wconf 84' lang='lat' dir='ltr'>insequentis</span> <span class='ocrx_word' id='word_1_207' title='bbox 1478 2383 1627 2422; x_wconf 85' lang='lat' dir='ltr'>casus,</span> <span class='ocrx_word' id='word_1_208' title='bbox 1653 2382 1739 2426; x_wconf 91' lang='lat' dir='ltr'>quo</span> 
     </span>
     <span class='ocr_line' id='line_1_29' title="bbox 357 2444 1738 2506; baseline -0.001 -18"><span class='ocrx_word' id='word_1_209' title='bbox 357 2445 523 2490; x_wconf 87' lang='lat' dir='ltr'>medius</span> <span class='ocrx_word' id='word_1_210' title='bbox 553 2446 664 2490; x_wconf 83' lang='lat' dir='ltr'>inter</span> <span class='ocrx_word' id='word_1_211' title='bbox 692 2447 920 2506; x_wconf 80' lang='lat' dir='ltr'>utriusque</span> <span class='ocrx_word' id='word_1_212' title='bbox 953 2444 1065 2489; x_wconf 90' lang='lat' dir='ltr'>filios</span> <span class='ocrx_word' id='word_1_213' title='bbox 1091 2446 1257 2489; x_wconf 78' lang='lat' dir='ltr'>exstitit</span> <span class='ocrx_word' id='word_1_214' title='bbox 1290 2447 1541 2506; x_wconf 84' lang='lat' dir='ltr'>imperator.</span> <span class='ocrx_word' id='word_1_215' title='bbox 1569 2449 1604 2490; x_wconf 93' lang='lat' dir='ltr'><strong>A</strong></span> <span class='ocrx_word' id='word_1_216' title='bbox 1632 2447 1738 2490; x_wconf 88' lang='lat' dir='ltr'>Caio</span> 
     </span>
     <span class='ocr_line' id='line_1_30' title="bbox 357 2526 1738 2588; baseline -0.001 -18"><span class='ocrx_word' id='word_1_217' title='bbox 357 2528 526 2571; x_wconf 86' lang='lat' dir='ltr'>Caesare</span> <span class='ocrx_word' id='word_1_218' title='bbox 550 2526 766 2571; x_wconf 75' lang='lat' dir='ltr'>Gaetulico</span> <span class='ocrx_word' id='word_1_219' title='bbox 786 2528 1071 2581; x_wconf 86' lang='lat' dir='ltr'>substitutus,</span> <span class='ocrx_word' id='word_1_220' title='bbox 1093 2526 1305 2586; x_wconf 77' lang='lat' dir='ltr'>postridie</span> <span class='ocrx_word' id='word_1_221' title='bbox 1323 2544 1452 2587; x_wconf 88' lang='lat' dir='ltr'>quam</span> <span class='ocrx_word' id='word_1_222' title='bbox 1473 2527 1525 2570; x_wconf 87' lang='lat' dir='ltr'>ad</span> <span class='ocrx_word' id='word_1_223' title='bbox 1546 2526 1738 2588; x_wconf 80' lang='lat' dir='ltr'>legiones</span> 
     </span>
    </p>
   </div>
   <div class='ocr_carea' id='block_1_2' title="bbox 356 2606 1737 2667">
    <p class='ocr_par' dir='ltr' id='par_1_4' title="bbox 356 2606 1737 2667">
     <span class='ocr_line' id='line_1_31' title="bbox 356 2606 1737 2667; baseline 0.001 -19"><span class='ocrx_word' id='word_1_224' title='bbox 356 2608 501 2660; x_wconf 73' lang='lat' dir='ltr'>venit,</span> <span class='ocrx_word' id='word_1_225' title='bbox 538 2607 734 2651; x_wconf 78' lang='lat' dir='ltr'>sollemni</span> <span class='ocrx_word' id='word_1_226' title='bbox 779 2609 887 2651; x_wconf 81' lang='lat' dir='ltr'>forte</span> <span class='ocrx_word' id='word_1_227' title='bbox 928 2606 1173 2667; x_wconf 77' lang='lat' dir='ltr'>spectaculo</span> <span class='ocrx_word' id='word_1_228' title='bbox 1219 2606 1478 2667; x_wconf 79' lang='lat' dir='ltr'>plaudentes</span> <span class='ocrx_word' id='word_1_229' title='bbox 1521 2607 1737 2662; x_wconf 80' lang='lat' dir='ltr'>inhibuit,</span> 
     </span>
    </p>
   </div>
  </div>
 </body>
</html>
