1971 3342
404 235 452 271 90
932 223 969 256 c,
999 224 1225 258 sUETONu

403 314 497 348 rent
531 322 538 347 :
573 321 711 364 neque
742 306 820 347 iter
850 304 973 360 fecit,
1001 306 1079 348 nisi
1112 315 1155 348 ut
1189 305 1384 349 vehiculo
1414 307 1650 361 anteirent,
1682 318 1756 350 aut

401 384 513 427 circa
542 383 853 443 adequitarent.

463 465 599 507 LXV.
637 464 720 508 Sed
753 463 896 507 laetum
926 480 1049 520 eum,
1077 474 1206 524 atque
1238 464 1440 508 fidentem
1468 474 1511 507 et
1540 464 1685 508 sobole
1717 476 1758 509 et

399 543 628 604 disciplina
668 543 847 599 domus,
890 543 1063 587 fortuna
1105 544 1311 587 destituit.
1350 543 1509 598 Julias,
1545 544 1675 588 filiam
1715 554 1758 588 et

399 634 590 684 neptem,
605 624 806 668 omnibus
825 623 994 684 probris
1014 624 1347 680 contaminatas,
1365 623 1584 685 relegavit.
1601 625 1756 669 Caium

397 714 439 746 et
470 705 651 747 Lucium
683 705 726 746 in
756 703 1055 763 duodeviginti
1083 704 1296 747 mensium
1328 704 1466 763 spatio
1496 704 1639 747 amisit
1668 720 1759 747 am-

397 784 494 839 bos,
520 784 627 827 Caio
653 784 696 826 in
721 784 872 843 Lycia,
897 784 1036 827 Lucio
1064 782 1285 839 Massiliae,
1310 782 1537 827 defunctis.
1565 783 1760 827 Tertium

397 873 622 924 nepotem,
656 864 921 924 Agrippam,
954 861 1168 923 simulque
1204 863 1479 923 privignum,
1512 863 1760 918 Tiberium,

394 943 617 1004 adoptavit
660 944 704 986 in
743 945 856 986 Foro
891 942 983 1003 lege
1018 943 1197 986 curiata.
1232 944 1294 986 Ex
1328 942 1485 1002 quibus
1520 943 1760 1002 Agrippam

393 1024 513 1066 brevi
541 1023 597 1066 ob
627 1023 845 1083 ingenium
882 1022 1102 1066 sordidum
1133 1039 1181 1065 ac
1211 1022 1330 1065 ferox
1363 1021 1601 1077 abdicavit,
1635 1039 1760 1083 sepo-

393 1105 564 1162 suitque
581 1105 855 1146 Surrentum.
877 1101 1114 1161 Aliquanto
1131 1111 1274 1145 autem
1293 1102 1527 1161 patientius
1545 1111 1730 1144 mortem
1749 1136 1760 1157 ,

392 1199 522 1241 quam
556 1182 765 1226 dedecora
799 1198 978 1224 suorum
1010 1181 1123 1224 tulit.
1154 1182 1266 1224 Nam
1297 1181 1392 1224 Caii
1421 1181 1632 1240 Luciique
1660 1197 1759 1225 casu

394 1279 479 1305 non
505 1261 611 1305 adeo
637 1261 818 1317 fractus,
848 1261 900 1305 de
925 1261 1013 1304 filia
1041 1262 1193 1304 absens
1222 1278 1270 1304 ae
1298 1259 1443 1304 libello
1467 1277 1544 1321 per
1572 1270 1758 1320 quaesto-

392 1358 480 1384 rem
498 1342 697 1395 recitato,
720 1351 872 1383 notum
897 1341 1064 1383 senatui
1083 1340 1199 1395 fecit,
1217 1340 1511 1399 abstinuitque
1525 1356 1758 1401 congressu

392 1421 618 1463 hominum
639 1419 712 1463 diu
733 1436 820 1480 prae
842 1420 1029 1479 pudore,
1052 1420 1179 1463 etiam
1201 1419 1254 1462 de
1275 1419 1467 1463 necanda
1487 1418 1756 1463 deliberavit.

391 1502 520 1543 Certe
547 1516 680 1559 quum
711 1500 789 1542 sub
817 1500 929 1542 idem
957 1509 1128 1560 tempus
1161 1516 1248 1543 una
1281 1516 1332 1542 ex
1365 1499 1547 1542 consciis
1580 1498 1756 1554 liberta,

392 1579 552 1623 Phoebe
573 1580 767 1635 nomine,
789 1578 1021 1639 suspendio
1041 1580 1173 1622 vitam
1195 1579 1378 1635 finisset,
1399 1598 1419 1619 α
1433 1577 1640 1622 Maluisse
1660 1596 1723 1635 se,
1738 1598 1759 1619 »

390 1660 469 1716 ait,
497 1659 711 1703 «Phoebes
736 1669 902 1719 patrem
930 1659 1110 1702 fuisse.»
1136 1658 1351 1719 Relegatae
1377 1675 1503 1702 usum
1532 1659 1640 1715 vini,
1663 1675 1757 1702 om-

390 1756 574 1799 nemque
595 1738 887 1783 delicatiorem
907 1737 1075 1782 cultum
1099 1738 1259 1782 ademit
1283 1755 1291 1780 :
1319 1755 1457 1797 neque
1480 1738 1590 1781 adiri
1609 1754 1632 1781 a
1653 1755 1760 1798 quo—

390 1819 505 1879 piam
527 1818 662 1862 libero
683 1835 880 1872 servove,
902 1819 983 1862 nisi
1003 1836 1045 1861 se
1065 1817 1285 1874 consulto,
1307 1818 1524 1878 permisit,
1545 1827 1588 1861 et
1612 1819 1692 1874 ita,
1712 1828 1759 1861 ut

390 1900 547 1943 certior
585 1899 732 1954 fieret,
769 1915 855 1959 qua
893 1899 926 1942 is
963 1909 1111 1954 aetate,
1148 1914 1233 1958 qua
1268 1908 1456 1953 statura,
1491 1914 1578 1957 quo
1614 1897 1759 1941 colore

389 1989 521 2035 esset,
546 1980 674 2022 etiam
698 1979 856 2038 quibus
881 1980 1076 2038 corporis
1099 1978 1232 2029 notis,
1257 1976 1321 2019 vel
1348 1977 1633 2020 cicatricibus.
1657 1979 1760 2021 Post

389 2059 739 2118 quinquennium
765 2058 940 2100 demum
967 2074 1018 2100 ex
1045 2055 1185 2099 insula
1213 2057 1255 2098 in
1282 2056 1597 2112 continentem,
1625 2056 1758 2100 lenio-

391 2137 597 2197 ribusque
626 2137 757 2198 paulo
784 2136 1134 2191 conditionibus,
1163 2135 1384 2179 transtulit
1411 2152 1519 2179 eam.
1549 2138 1683 2193 Nam,
1710 2147 1758 2180 ut

390 2218 569 2260 omnino
604 2227 847 2273 revocaret,
882 2217 1049 2260 exorari
1085 2215 1207 2259 nullo
1239 2215 1369 2259 modo
1403 2216 1574 2276 potuit3
1606 2215 1756 2277 depre-

389 2297 504 2339 canti
552 2313 662 2357 saepe
703 2295 867 2357 populo
913 2312 1120 2351 romano,
1159 2306 1201 2339 et
1246 2296 1508 2356 pertinacius
1552 2295 1757 2350 instanti,

388 2375 528 2419 «tales
559 2375 668 2420 filias
700 2375 893 2436 talesque
924 2376 1164 2437 conjuges»
1195 2392 1276 2435 pro
1305 2376 1514 2419 concione
1545 2375 1754 2436 impreca—

389 2466 471 2500 tus.
501 2459 564 2501 Ex
590 2466 716 2517 nepte
742 2455 854 2500 Julia
884 2466 981 2518 post
1009 2455 1329 2498 damnationem
1357 2455 1521 2499 editum
1549 2453 1753 2498 infantem

390 2539 564 2597 agnosci
597 2537 738 2597 alique
770 2538 919 2580 vetuit.
951 2536 1186 2595 Agrippam
1223 2534 1357 2578 nihilo
1390 2533 1752 2589 tractabiliorem,

391 2619 521 2661 immo
561 2620 601 2660 111
640 2618 727 2661 dies·
765 2617 1071 2668 amentiorem,
1114 2616 1154 2657 in
1197 2614 1377 2657 insulam
1418 2614 1751 2673 transportavit,
