1988 3439
656 263 692 296 C.
723 264 894 301 JULIUS
925 267 1109 306 CAESAR.
1549 287 1569 320 7

254 343 373 385 XIV.
414 345 577 388 Praetor
603 355 794 404 creatus,
826 347 991 394 detecta
1017 351 1320 411 conjuratione
1346 356 1570 414 Catilinae,

188 433 429 485 senatuque
453 425 653 470 universo
679 427 723 471 in
747 430 886 474 socios
908 430 1112 476 facinoris
1136 431 1335 478 ultimam
1354 447 1571 484 statuente

187 518 381 562 poenam,
407 503 523 549 solus
547 508 848 570 municipatim
875 511 1154 569 dividendos,
1174 515 1570 581 custodiendosque

187 582 414 642 publicatis
442 586 592 641 bonis,
621 592 802 635 censuit.
835 592 954 649 Quin
990 603 1033 636 et
1067 603 1237 638 tantum
1270 606 1436 642 metum
1464 600 1566 662 inje-

185 664 247 707 cit
275 666 496 726 asperiora
522 668 831 729 suadentibus,
862 673 1100 719 identidem
1131 685 1376 735 ostentans,
1406 691 1569 740 quanta

183 761 255 789 eos
290 746 334 789 in
370 758 593 807 posterum
629 768 653 795 a
686 752 810 814 plebe
843 772 1024 800 romana
1059 769 1255 802 maneret
1291 760 1483 819 invidia,
1520 774 1569 807 ut

183 823 236 869 D.
265 825 481 887 Silanum,
501 832 725 878 consulem
751 834 1048 898 designatum,
1070 855 1157 882 non
1184 840 1375 901 piguerit
1398 853 1568 888 senten-

184 907 286 951 tiam
326 926 477 969 suam,
521 914 624 974 quia
665 925 834 961 mutare
872 928 1001 980 turpe
1041 929 1161 977 erat,
1204 923 1567 984 interpretatione

181 984 341 1047 lenire,
383 991 502 1038 velut
538 997 714 1056 gravius
753 1008 883 1060 atque
924 999 1013 1061 ipse
1050 1002 1251 1046 sensisset
1289 1014 1515 1065 exceptam
1554 1024 1563 1049 :

180 1068 526 1135 obtinuissetque
555 1076 689 1133 adeo,
715 1080 977 1126 transductis
1003 1081 1057 1126 ad
1084 1099 1126 1127 se
1151 1083 1242 1143 jam
1268 1083 1493 1145 pluribus,
1523 1096 1565 1130 et

180 1149 225 1192 in
252 1151 319 1195 his
344 1155 569 1201 Ciceronis
595 1159 785 1205 consulis
816 1161 973 1221 fratre,
1005 1165 1087 1208 nisi
1116 1164 1335 1209 labantem
1365 1166 1564 1211 ordinem

180 1229 475 1278 confirmasset
499 1238 561 1279 M.
590 1240 770 1283 Catonis
797 1242 952 1286 oratio.
979 1245 1041 1287 Ac
1068 1261 1122 1288 ne
1144 1245 1205 1288 sic
1230 1245 1406 1306 quidem
1429 1247 1564 1307 impe-

179 1308 272 1354 dire
306 1329 396 1357 rem
436 1314 622 1373 destitit,
655 1320 799 1379 quoad
833 1338 969 1381 usque
1006 1341 1160 1368 manus
1192 1326 1389 1386 equitum
1422 1344 1563 1372 roma-

176 1407 356 1450 norum,
375 1411 470 1455 quae
489 1408 657 1442 armata
681 1400 869 1460 praesidii
893 1418 1024 1446 causa
1049 1404 1380 1462 circumstabat,
1404 1407 1563 1452 immo-

176 1469 368 1518 deratius
389 1479 686 1536 perseveranti
711 1497 859 1525 necem
882 1483 1148 1527 comminata
1171 1495 1234 1528 est
1253 1502 1261 1528 :
1283 1486 1413 1530 etiam
1438 1488 1561 1532 stric—

176 1560 242 1595 tos
260 1552 428 1614 gladios
453 1573 589 1618 usque
607 1575 658 1604 eo
679 1561 919 1619 intentans,
945 1573 994 1608 ut
1018 1563 1240 1610 sedentem
1260 1583 1347 1611 una
1370 1570 1560 1628 proximi

176 1630 469 1693 deseruerint,
499 1638 571 1682 vix
602 1642 730 1700 pauci
764 1642 996 1704 complexu
1033 1654 1222 1707 togaque
1256 1647 1424 1708 objecta
1457 1665 1560 1710 pro-

175 1713 373 1758 texerint.
408 1718 533 1763 Tunc
566 1718 696 1781 plane
729 1721 984 1782 deterritus,
1015 1743 1104 1770 non
1134 1727 1266 1772 modo
1300 1729 1452 1786 cessit,
1485 1730 1560 1774 sed

175 1793 305 1837 etiam
333 1796 376 1839 in
406 1797 623 1860 reliquum
649 1804 752 1847 anni
778 1814 946 1867 tempus
972 1808 1095 1852 curia
1120 1808 1346 1854 abstinuit.

237 1876 334 1919 XV.
370 1879 518 1923 Primo
553 1892 752 1942 praeturae
790 1884 857 1930 die
893 1888 949 1944 Q.
988 1887 1198 1933 Catulum
1237 1889 1289 1934 de
1325 1889 1560 1936 refectione

174 1954 380 2015 Capitolii
419 1958 474 2003 ad
514 1960 860 2023 disquisitionem
898 1967 1050 2029 populi
1089 1971 1288 2026 vocavit,
1329 1972 1560 2031 rogatione

173 2035 474 2099 promulgata,
501 2059 585 2102 qua
611 2046 882 2091 curationem
906 2064 1000 2092 eam
1027 2050 1071 2093 in
1096 2049 1231 2094 alium
1256 2051 1556 2096 transferebat.

172 2114 336 2160 Verum
373 2119 514 2182 impar
551 2125 830 2184 optimatium
863 2130 1201 2190 conspirationi,
1234 2148 1369 2192 quos,
1405 2131 1559 2177 relicto

173 2197 318 2240 statim
353 2216 568 2246 novorum
607 2207 836 2255 consulum
874 2209 1042 2266 officio,
1080 2211 1332 2273 fiequentes
1367 2213 1560 2257 obstina-

175 2283 325 2336 tosque
351 2278 405 2321 ad
435 2283 722 2329 1esistendum
756 2292 1028 2335 concurrisse
1059 2293 1286 2352 cernebat,
1319 2293 1432 2338 hanc
1461 2295 1558 2355 qui-

173 2353 269 2398 dem
295 2359 508 2404 actionem
537 2362 750 2424 deposuit.

236 2439 354 2482 X.V1
394 2443 596 2487 Ceterum
625 2447 800 2492 Caecilio
823 2450 1030 2508 Metello,
1062 2455 1243 2498 tribuno
1274 2454 1437 2516 plebis,
1467 2465 1560 2499 tur-

171 2517 496 2567 bulentissimas
527 2523 638 2587 leges
670 2527 877 2575 adversus
908 2531 1176 2594 collegarum
1203 2537 1557 2580 intercessionem

171 2597 348 2659 ferenti,
381 2613 533 2648 auctm
536 2622 602 2649 em
635 2623 1102 2674 propugnatoremque
1135 2631 1179 2659 se
1211 2616 1558 2676 pertinacissime

173 2683 393 2742 praestitit3
412 2683 550 2730 doncc
569 2689 698 2733 ambo
715 2690 1095 2738 administiationc
1114 2695 1363 2756 ieipublicae
1383 2694 1556 2740 decreto
