1988 3439
717 286 978 323 CALIGULA.
1460 291 1527 336 ιδ’]

168 378 322 433 beros,
358 374 501 437 palam
535 374 656 417 heres
692 380 1045 432 nuncuparetur,
1077 369 1287 417 derisores
1317 375 1530 434 vocabat,

163 458 283 520 quod
334 466 432 519 post
479 452 850 516 nuncupationem
896 454 1041 497 vivere
1087 466 1442 515 perseverarent,
1488 468 1531 502 et

166 537 315 583 multis
338 545 570 582 venenatas
596 542 783 579 macteas
810 533 941 577 misit.
973 533 1272 596 Cognoscebat
1299 545 1444 580 autem
1477 537 1529 581 de

166 618 324 663 talibus
359 617 526 671 causis,
564 623 707 659 taxato
743 614 865 676 prius
900 613 1030 658 modo
1066 629 1271 670 summae,
1309 615 1363 659 ad
1402 632 1531 676 quem

166 696 486 744 conficiendum
511 694 757 740 consideret
781 711 790 738 :
815 693 1014 738 confecto
1039 692 1214 739 demum
1243 695 1529 740 excitabatur.

166 784 231 824 Ac
270 795 323 823 ne
359 775 584 840 paululum
624 774 800 837 quidem
845 793 978 820 morae
1017 777 1214 838 patiens,
1253 793 1386 839 super
1424 795 1533 839 qua-

166 860 366 922 draginta
407 874 503 903 reos
548 855 773 918 quondam
821 873 872 900 ex
916 856 1097 901 diversis
1143 857 1402 902 criminibus
1448 875 1534 903 una

167 939 382 984 sententia
420 937 758 994 condemnavit,
795 934 1092 998 gloriatusque
1129 946 1190 981 est
1224 938 1534 1000 expergefactae

168 1035 322 1064 somno
361 1017 599 1072 Caesoniae,
636 1036 656 1057 α
693 1026 903 1076 quantum
945 1017 1130 1078 egisset,
1170 1017 1274 1061 dum
1313 1034 1362 1062 ea
1403 1020 1534 1063 meri-

165 1098 316 1143 diaret.
342 1117 364 1140 n

232 1181 443 1224 XXXIX.
470 1178 686 1223 Auctione
715 1177 961 1238 proposita,
990 1177 1192 1239 reliquias
1216 1179 1413 1223 omnium
1440 1196 1536 1241 spe-

170 1257 441 1304 ctaculorum
483 1257 664 1318 subjecit
707 1266 748 1300 et
789 1257 1059 1314 venditavit,
1099 1259 1328 1318 exquirens
1371 1275 1449 1320 per
1494 1277 1538 1304 se

172 1340 344 1401 pretia,
378 1349 420 1383 et
460 1355 596 1398 usque
633 1354 684 1381 eo
723 1337 987 1394 extendens,
1025 1348 1073 1382 ut
1109 1339 1284 1399 quidam
1322 1340 1535 1385 immenso

173 1419 311 1464 coacti
336 1417 532 1479 quaedam
558 1434 726 1474 emere,
755 1434 803 1461 ac
832 1417 957 1461 honis
983 1419 1125 1474 exuti,
1155 1435 1286 1464 venas
1318 1420 1399 1463 sibi
1429 1421 1537 1464 inci-

171 1498 336 1544 derent.
366 1499 482 1542 Nota
509 1513 575 1541 res
609 1507 700 1553 est,
730 1498 903 1558 Aponio
932 1498 1170 1542 Saturnino
1198 1500 1313 1543 inter
1338 1499 1538 1544 subsellia

174 1578 463 1636 dormitante,
485 1577 701 1622 monitum
729 1594 753 1621 a
777 1579 884 1622 Caio
911 1594 1174 1639 praeconem,
1200 1596 1254 1623 ne
1282 1580 1536 1640 praetorium

170 1658 340 1714 virum,
363 1658 516 1703 crebro
542 1659 694 1719 capitis
722 1668 843 1702 motu
874 1668 1101 1703 nutantem
1130 1659 1235 1715 sibi,
1260 1660 1502 1721 praeteriret
1529 1677 1537 1704 :

173 1755 250 1784 nec
281 1738 440 1783 licendi
472 1738 601 1783 finem
635 1738 824 1795 factum,
860 1739 1005 1800 quoad
1040 1739 1242 1784 tredecim
1275 1740 1538 1802 gladiatores

171 1819 369 1864 sestertio
415 1819 621 1880 nonagies
671 1820 891 1880 ignoranti
936 1819 1257 1864 addicerentur.
1302 1823 1351 1864 In
1395 1819 1538 1866 Gallia

172 1914 375 1959 quoque,
413 1915 549 1958 quum
586 1897 892 1943 damnatorum
929 1910 1211 1956 ornamenta,
1249 1910 1289 1944 et
1325 1899 1536 1962 supellec-

172 1976 314 2033 tilem,
346 1988 389 2022 et
423 1995 594 2034 servos,
620 1989 749 2040 atque
785 1980 914 2024 etiam
954 1979 1152 2034 libertos,
1183 1981 1402 2024 immensis
1439 1998 1538 2041 pre-

174 2058 242 2101 tiis
262 2057 526 2103 vendidisset
548 2077 559 2115 3
591 2060 799 2103 invitatus
841 2059 992 2116 lucro,
1031 2059 1239 2121 quicquid
1263 2061 1540 2105 instrumenti

176 2137 329 2180 veteris
373 2137 481 2182 aulae
536 2149 657 2194 erat,
703 2140 757 2183 ab
806 2140 927 2184 Urbe
973 2141 1177 2200 repetiit3
1220 2141 1541 2201 comprehensis

173 2215 228 2260 ad
257 2215 579 2277 deportandum
607 2220 839 2263 meritoriis
867 2237 1042 2281 quoque
1069 2220 1299 2277 vehiculis,
1324 2231 1364 2265 et
1392 2222 1539 2283 pistri-

175 2296 380 2340 nensibus
407 2297 617 2357 jumentis
647 2315 655 2340 :
689 2297 820 2354 adeo,
849 2309 897 2343 ut
929 2310 971 2343 et
999 2302 1121 2361 panis
1147 2303 1296 2345 Romae
1327 2318 1436 2362 saepe
1467 2300 1542 2344 de-

175 2373 340 2431 ficeret,
361 2385 403 2419 et
425 2375 693 2437 litigatorum
717 2376 932 2438 plerique,
951 2380 1068 2439 quod
1089 2396 1319 2425 occurrere
1341 2382 1538 2425 absentes

177 2453 233 2498 ad
264 2454 563 2500 vadimonium
594 2473 680 2501 non
712 2468 912 2518 possent,
941 2475 1069 2503 causa
1104 2460 1319 2517 caderent.
1357 2462 1440 2505 Cui
1475 2461 1539 2503 in-

176 2544 419 2580 strumento
457 2535 737 2582 distrahendo
775 2537 882 2582 nihil
923 2556 1009 2583 non
1050 2539 1210 2583 fraudis
1247 2556 1297 2584 ac
1334 2538 1540 2583 lenocinii

176 2613 404 2659 adhibuit:
428 2615 558 2660 modo
583 2618 772 2661 avaritiae
800 2618 993 2680 singulos
1019 2621 1268 2680 increpans,
1295 2629 1357 2676 ct,
1381 2639 1401 2660 α
1420 2619 1536 2680 quod

178 2710 263 2738 non
295 2695 476 2755 puderet
501 2713 597 2750 cos,
633 2696 935 2758 locupletiores
965 2716 1080 2755 esse,
1111 2716 1240 2760 quain
1272 2715 1339 2754 se,
1363 2719 1382 2740 υ
1409 2699 1538 2743 modo
