1988 3407
230 237 728 254 xxmxmmzssmaevffixxwgmxs
733 237 790 248 ιὶἱιὶ
796 233 1047 248 ΜΕἯἏΜΜ
1052 232 1110 244 m
1115 228 1527 245 mmmm&
1532 228 1559 240 k&
1564 228 1591 239 t*
1595 227 1624 239 §b

633 383 1213 454 VITELLIUS.

836 573 1014 586 ——-

234 682 642 764 Lvirnmonmu
678 713 895 776 originem
928 712 1002 757 alii
1025 711 1177 769 aliam,
1205 721 1248 756 et
1275 708 1455 771 quidem
1478 707 1625 751 diver-

234 799 472 855 sissimam,
499 796 684 841 tradunt
711 813 720 839 τ
748 796 913 857 partim
940 804 1132 838 veterem
1159 803 1202 837 et
1228 790 1441 846 nobilem,
1465 788 1625 850 partim

234 895 338 924 vero
368 894 530 924 novam
551 886 593 921 et
614 877 869 934 obscuram,
904 885 1038 936 atque
1064 875 1193 918 etiam
1218 870 1441 917 sordidam
1470 887 1478 913 ;
1508 867 1626 930 quod

234 977 317 1022 ego
340 976 420 1021 per
444 957 694 1004 adulatores
725 958 1132 1017 obtrectatoresque
1157 953 1436 1017 imperatoris
1457 948 1627 996 Vitellii

235 1041 433 1086 evenisse
459 1041 684 1102 opinarer,
715 1040 798 1083 nisi
824 1037 1053 1100 aliquanto
1083 1038 1205 1098 prius
1235 1035 1289 1079 de
1315 1032 1490 1078 familiae
1520 1048 1628 1076 con-

236 1123 404 1167 ditione
437 1123 656 1167 variatum
683 1131 810 1167 esset.
834 1122 991 1165 Exstat
1024 1121 1082 1178 Q.
1105 1118 1282 1180 Eulogii
1316 1116 1370 1160 ad
1405 1116 1462 1172 Q.
1487 1112 1628 1157 Vitel-

235 1204 369 1261 lium,
390 1202 480 1247 divi
503 1204 692 1265 Augusti
714 1212 980 1264 quaestorem
997 1237 1007 1257 ,
1028 1199 1200 1244 libellus
1214 1235 1226 1256 ,
1252 1215 1341 1260 quo
1360 1197 1629 1251 continetur,

236 1283 442 1330 Vitellios
481 1287 662 1341 Fauno,
706 1284 1001 1345 Aboriginum
1042 1299 1169 1344 rege,
1210 1291 1255 1324 et
1288 1277 1488 1333 Vitellia,
1535 1292 1631 1337 quae

236 1365 386 1410 multis
425 1364 532 1410 locis
570 1382 652 1427 pro
696 1365 874 1409 numine
915 1363 1150 1418 coleretur,
1190 1371 1340 1412 ortos,
1374 1369 1468 1403 toto
1501 1358 1630 1402 Latio

235 1448 474 1508 imperasse
503 1464 512 1491 :
540 1447 703 1490 horum
736 1444 957 1490 residuam
989 1444 1170 1504 stirpem
1199 1460 1251 1486 ex
1278 1440 1452 1486 Sabinis
1482 1448 1626 1483 trans-

236 1529 318 1573 isse
354 1530 569 1585 Romam,
609 1537 743 1588 atque
786 1528 900 1570 inter
936 1526 1145 1587 patricios
1180 1523 1383 1568 allectam
1417 1539 1426 1565 :
1467 1520 1628 1565 indicia

236 1610 384 1672 stirpis
420 1610 632 1654 mansisse
672 1609 772 1666 diu,
815 1609 931 1652 viam
970 1606 1196 1652 Vitelliam
1239 1606 1293 1649 ab
1337 1602 1541 1649 Janiculo
1579 1602 1633 1647 ad

236 1708 356 1737 mare
394 1708 560 1753 usque3
597 1692 701 1735 item
743 1689 964 1735 coloniam
1004 1688 1201 1750 ejusdem
1245 1687 1460 1743 nominis,
1501 1702 1632 1746 quam

236 1771 390 1835 gentili
419 1774 542 1834 copia
579 1772 788 1816 adversus
818 1769 1074 1832 AEquiculos
1103 1769 1335 1813 tutandam
1365 1767 1467 1812 olim
1496 1767 1632 1827 depo-

236 1855 482 1916 poscissent
513 1871 521 1896 :
551 1863 750 1914 tempore
783 1852 941 1896 deinde
967 1851 1187 1895 samnitici
1211 1849 1335 1907 belli,
1359 1848 1562 1910 praesidio
1590 1848 1633 1890 in

237 1934 446 1998 Apuliam
474 1935 607 1978 misso
629 1969 640 1990 ,
679 1933 894 1995 quosdam
925 1950 977 1976 ex
1005 1931 1195 1976 Vitelliis
1217 1929 1468 1974 subsedisse
1493 1931 1637 1974 Nuce-

239 2019 338 2073 riae3
380 2032 623 2077 eorumque
652 2016 909 2077 progeniem
947 2013 1080 2074 longo
1119 2022 1218 2073 post
1243 2008 1479 2054 intervallo
1506 2026 1634 2070 repe-

238 2102 342 2144 tisse
366 2099 532 2145 Urbem
559 2108 690 2159 atque
715 2097 917 2141 ordinem
943 2095 1226 2139 senatorium.

307 2183 362 2225 11.
389 2182 558 2225 Contra
582 2177 730 2240 plures
751 2187 977 2222 auctorem
1005 2176 1177 2238 generis
1203 2173 1462 2218 libertinum
1490 2172 1637 2234 prodi-

241 2262 415 2306 derunt.
433 2261 610 2306 Cassius
637 2262 844 2313 Severus,
866 2275 947 2302 nec
975 2259 1121 2301 minus
1146 2256 1246 2313 alii,
1271 2255 1473 2300 eumdem
1497 2264 1539 2298 et
1560 2271 1635 2298 su-

243 2355 382 2388 torem
431 2341 845 2386 veteramentarium
882 2358 889 2382 :
923 2339 1048 2399 cujus
1090 2337 1235 2394 filius,
1279 2337 1546 2381 sectionibus
1594 2345 1638 2379 et

244 2425 487 2486 cognituris
514 2423 691 2467 uberius
715 2420 1029 2482 compendium
1054 2429 1229 2475 nactus,
1258 2435 1309 2462 ex
1336 2416 1522 2461 muliere
1544 2415 1641 2460 vul-

244 2508 361 2568 gari,
411 2505 618 2550 Antiochi
674 2503 903 2565 cujusdam
947 2502 1189 2546 furnariam
1240 2501 1483 2544 exercentis
1524 2497 1640 2554 filia,

245 2589 437 2648 equitem
467 2593 699 2630 romanum
728 2586 945 2647 genuerit.
982 2583 1067 2628 Sed
1097 2582 1215 2644 quod
1246 2581 1485 2643 discrepat,
1511 2580 1567 2624 sit
1593 2581 1636 2623 in

247 2667 404 2713 medio.
438 2672 644 2713 Ceterum
686 2669 730 2711 P.
756 2666 987 2723 Vitellius,
1020 2666 1152 2709 domo
1183 2664 1405 2719 Nuceria,
1445 2663 1535 2706 sive
1563 2660 1635 2705 ille
