1971 3342
391 247 464 282 325
1001 243 1153 278 NOTAE

386 325 504 369 mell.‚
530 336 626 368 viu,
650 328 669 366 l,
692 335 699 356 ε
721 338 739 355 ιι
754 323 799 357 Et
820 327 904 356 ante
925 321 1186 367 crepusculum
1205 328 1365 368 propter
1384 320 1458 356 cibi
1479 333 1583 368 spem
1608 328 1760 369 tempo·

387 385 464 420 rius
483 385 531 420 ad
551 383 739 420 officinam
761 384 931 418 redeunt.
953 397 971 413 n
992 380 1046 416 Cf.
1070 382 1208 426 van.‚
1230 383 1410 425 Metam„
1443 395 1497 428 ιν,
1524 395 1606 430 ¹97·

442 447 526 482 CAP.
549 447 615 482 IV.
648 446 798 480 Santra.
825 444 899 488 Qui
926 443 1071 490 scripsit
1091 443 1137 478 de
1162 443 1246 478 vitis
1270 444 1524 490 praestantium
1557 444 1725 480 virorum
1753 459 1760 479 t

387 508 499 554 hujus
531 507 698 542 meminit
725 507 877 541 Hieron.
912 504 949 538 in
969 504 1072 551 praef.
1101 504 1164 539 lib.
1185 506 1232 539 de
1263 505 1434 552 δοκίμιον.
1466 506 1682 540 Ecclesiasl.
1707 505 1760 541 Cf.

387 571 516 613 Voss,
537 571 582 604 cle
603 568 696 603 Ht'tst.
718 570 784 604 lat.
799 594 809 609 ‚
833 579 902 610 111,
926 578 962 612 p.
987 578 1073 613 7¹9.

443 632 598 666 Homine
622 631 741 665 docta
763 629 859 673 Cie.,
888 628 935 662 cle
956 626 1052 662 Clar.
1083 627 1204 670 Orat„
1227 638 1277 663 xx
1299 639 1306 661 :
1329 642 1346 658 α
1368 628 1407 663 C.
1429 627 1618 675 Sulpicius
1635 629 1765 664 Gallus

388 692 547 729 maxime
573 691 740 727 omnium
762 688 946 724 nobilium
979 687 1106 737 graecis
1133 687 1264 725 litteris
1286 689 1447 734 studuit,
1475 689 1582 738 isque
1615 696 1651 725 et
1677 703 1765 726 ora-

388 762 515 790 torum
534 764 691 788 numero
715 758 769 786 est
798 750 968 793 habitus,
989 755 1025 784 et
1055 749 1126 784 fuit
1147 749 1302 797 reliquis
1332 750 1444 785 rebus
1472 756 1627 792 ornatus
1653 757 1766 797 atque

391 817 550 864 elegans.
575 816 656 849 Jam
684 813 782 849 enim
797 819 876 848 erat
902 811 1048 847 auctior
1068 811 1239 859 quaedam
1262 811 1573 859 splendidiorque
1603 823 1766 848 consue‘

389 876 484 912 tudo
512 873 706 924 loquendi.
724 889 741 906 n

450 939 494 984 Q.
516 938 632 972 Fabio
654 936 838 971 Labeone.
859 936 916 971 De
934 935 1008 971 hoc
1035 935 1107 971 Cic.
1124 963 1134 980 ,
1160 935 1220 970 ub.
1243 947 1322 982 sup.
1339 963 1349 979 ‚
1369 947 1433 970 xxx
1464 949 1471 968 :
1494 952 1507 965 «
1526 935 1571 970 Et
1591 946 1666 969 una
1689 935 1765 969 Ser.

390 999 526 1034 Fabius
547 998 685 1042 Pictor,
706 1003 741 1032 et
758 996 853 1044 juris
871 1003 908 1033 et
927 997 1133 1032 litterarum
1154 1002 1190 1031 et
1209 995 1443 1043 antiquitatis
1468 995 1563 1031 bene
1587 995 1732 1042 peritus
1758 1007 1766 1027 2

399 1061 626 1107 Quintusque
654 1059 790 1094 Fabius
811 1059 936 1094 Labeo
950 1057 1022 1094 fuit
1041 1063 1195 1093 ornatus
1215 1057 1346 1093 iisdem
1366 1057 1442 1093 fere
1462 1055 1647 1092 laudibus.
1671 1071 1686 1086 υ

443 1122 497 1156 M.
527 1121 703 1168 Popillio.
726 1121 781 1156 Cf.
802 1121 906 1166 Cxc„
928 1121 993 1156 ub.
1019 1132 1124 1168 sup.,
1144 1131 1221 1154 xw.

445 1183 530 1218 CAP.
553 1185 597 1218 V.
621 1182 814 1228 Afranius.
837 1184 1065 1231 Togatarum
1087 1189 1122 1218 et
1142 1182 1399 1217 Atellanarum
1418 1179 1590 1228 scriptor.
1615 1179 1712 1215 Vide
1731 1179 1769 1215 in

393 1247 529 1281 Neron.
542 1272 554 1288 ,
579 1257 633 1280 xx.

444 1307 661 1342 Dimide‘ate.
690 1306 788 1352 Quia
814 1306 976 1342 mediam
1007 1313 1151 1343 tantum
1174 1313 1319 1355 partem
1345 1302 1544 1341 Menandri
1574 1302 1649 1338 suis
1677 1303 1771 1338 scri-

393 1369 465 1415 ptis
486 1374 747 1415 1·epraesentat;
773 1379 907 1415 nempe
927 1367 1117 1404 lenitatem
1139 1375 1175 1404 et
1195 1367 1418 1418 elegantiam
1435 1394 1442 1412 ‚
1462 1376 1536 1400 non
1556 1362 1629 1399 vim
1650 1363 1768 1400 comi·-

393 1442 473 1465 cam
495 1442 568 1477 qua
591 1430 740 1478 penitus
765 1437 882 1475 caret,
911 1437 1007 1465 auct.
1034 1431 1086 1466 Cl.
1112 1431 1225 1465 Hase.

1021 1556 1138 1565 .-.--.

901 1669 1093 1697 ΗΟ.Β.ΑΤΙΙ
1128 1669 1249 1697 VITA.

452 1765 498 1799 Ut
513 1765 594 1811 ipse
608 1766 731 1799 lradit.
745 1786 792 1791 —
805 1765 879 1800 Sat.
893 1791 903 1806 ,
929 1777 942 1799 1
955 1793 963 1809 ‚
986 1764 1007 1799 6
1022 1791 1031 1810 ‚
1054 1763 1100 1806 (45
1130 1779 1136 1799 z

535 1875 626 1904 Nunc
648 1873 687 1904 ad
710 1884 756 1904 'ie
778 1873 871 1904 redeo
891 1873 1040 1905 libertino
1062 1879 1150 1915 patre
1165 1880 1294 1912 natum,

537 1930 638 1968 Quem
659 1928 774 1959 rodunt
795 1939 902 1959 omues
924 1928 1072 1960 libertino
1093 1934 1182 1971 patre
1203 1935 1322 1960 natum.

455 2042 730 2087 Emwzgentem.
758 2061 809 2066 —
840 2040 967 2075 Cabiro
997 2052 1192 2087 emungere
1223 2053 1261 2075 se
1295 2039 1561 2075 salsamentarii
1593 2042 1773 2078 solebant.

401 2105 542 2138 Auctor
553 2102 655 2136 Rha.
678 2103 731 2135 acl
749 2103 903 2136 Her-emt.
917 2129 926 2145 ,
954 2114 1005 2144 zv,
1028 2100 1074 2143 54
1097 2102 1192 2137 :«Ut
1215 2102 1244 2137 si
1262 2101 1528 2137 salsamentarii
1547 2101 1625 2138 filio
1645 2103 1746 2140 dicas
1767 2119 1774 2139 :

398 2163 559 2208 Quiesce
588 2169 650 2206 tu,
671 2162 778 2208 cujus
807 2170 913 2210 pater
939 2162 1068 2198 cubito
1088 2175 1124 2198 se
1149 2175 1350 2211 emungere
1369 2163 1555 2198 solebat.»
1582 2165 1638 2199 Ita
1664 2165 1774 2213 Diog.

397 2226 520 2259 Laert.
540 2223 579 2257 in
604 2223 706 2258 Bion.
721 2251 730 2265 ‚
749 2237 809 2267 iv,
828 2227 845 2267 ᾗ
863 2225 908 2266 [25
932 2237 939 2257 ἰ
961 2223 1075 2274 Ιῗμοῦό
1096 2231 1203 2275 πατὴρ
1221 2231 1275 2275 μὲν
1296 2228 1332 2266 ἦν
1355 2230 1573 2274 ἀπελεύθερος,
1592 2235 1637 2275 τῷ
1658 2232 1777 2276 ἀγκῶνι

399 2291 685 2336 ἀπομυσσόμενος·
718 2287 870 2327 διεδήλου
896 2289 933 2324 δὲ
964 2293 1015 2324 τὸν
1038 2293 1286 2336 ταριχέμπορον.
1313 2285 1369 2321 Cf·
1398 2287 1632 2331 PLUTARCH„
1661 2287 1775 2335 Sym-

392 2360 477 2395 pOS.
495 2375 504 2389 ‚
528 2360 558 2382 11
574 2375 583 2391 ‚
619 2360 647 2381 1.

454 2401 601 2435 Blerzu't.
624 2401 674 2436 Ut
695 2400 785 2435 dicit
806 2401 905 2448 ipse,
930 2402 999 2437 Od.
1014 2429 1024 2443 ,
1048 2415 1101 2446 11,
1124 2414 1159 2446 7,
1184 2415 1206 2450 9
1229 2416 1235 2437 :

635 2504 752 2532 Tecum
775 2501 950 2544 Philippos,
972 2509 1001 2534 et
1021 2504 1154 2534 celerem
1178 2503 1279 2544 fugam

638 2557 745 2594 Sensi,
767 2557 874 2590 relicta
894 2570 957 2590 non
977 2558 1057 2589 bene
1079 2559 1231 2593 narmula.

406 2653 459 2687 Cf.
483 2654 602 2700 Epist.
622 2681 628 2693 ‚
655 2666 709 2697 u,
736 2666 754 2687 ᾳ
772 2682 780 2697 ,
803 2666 861 2700 ²9·
