1971 3342
446 289 458 310 ]
470 281 488 317 4
973 271 1010 305 c.
1037 269 1266 305 sUETONn

444 356 594 418 petitio
624 354 800 399 secundi
831 353 1078 397 consulatus
1110 352 1285 396 daretur
1311 369 1319 395 :
1347 369 1400 395 ne
1424 368 1472 395 ea
1503 366 1629 394 causa
1657 359 1795 394 matu-

443 438 559 490 rius,
595 445 636 479 et
673 432 923 494 imperfecto
962 432 1102 475 adhuc
1137 430 1278 488 bello,
1314 431 1549 475 decederet.
1584 429 1715 487 Quod
1747 440 1797 472 ut

445 515 623 576 adeptus
647 524 710 557 est
726 548 736 567 ,
763 512 915 556 altiora
936 512 1024 571 jam
1051 511 1289 566 meditans,
1313 521 1356 554 et
1382 513 1468 570 spei
1495 510 1672 570 plenUS,
1697 509 1795 554 nul-

446 594 535 638 lum
573 592 836 654 largitionis,
870 600 942 634 aut
981 589 1220 634 officiorum
1258 590 1302 633 in
1341 606 1600 649 quemquam
1637 605 1798 649 genus,

446 671 618 734 publice
641 670 928 732 privatimque
951 667 1108 713 omisit.
1134 671 1293 712 Forum
1317 668 1369 712 de
1390 669 1602 712 manubiis
1626 668 1800 711 inchoa-

447 753 531 805 vit3
552 752 673 810 cujus
698 766 796 793 area
820 765 946 809 super
966 748 1209 792 sestertium
1234 745 1388 790 millies
1410 748 1614 791 constitit.
1638 749 1800 791 Munus

448 828 609 891 populo
626 827 887 889 epulumque
904 828 1198 888 pronuntiavit
1220 827 1262 870 in
1282 824 1377 870 filiae
1397 827 1667 883 memoriam,
1686 825 1801 886 quod

450 918 550 952 ante
577 924 674 951 eum
702 924 839 951 nemo.
868 908 1069 963 Quorum
1094 917 1142 950 ut
1171 924 1299 967 quam
1330 907 1515 951 maxima
1541 906 1803 966 exspectatio

449 996 581 1043 esset,
608 1004 684 1043 ea,
711 1003 803 1047 quae
828 987 880 1030 ad
906 986 1080 1046 epulum
1110 987 1401 1047 pertinerent,
1427 985 1622 1046 quamvis
1650 982 1805 1028 macel-

451 1066 565 1110 lariis
595 1066 815 1123 oblocata,
847 1068 975 1110 etiam
1006 1066 1318 1110 domesticatim
1349 1065 1594 1126 apparabat.
1625 1063 1804 1108 Gladia-

450 1155 563 1188 tores
588 1155 713 1188 notos
729 1179 740 1200 ,
769 1146 903 1189 sicubi
933 1145 1096 1188 infestis
1122 1145 1431 1204 spectatoribus
1457 1142 1739 1198 dimicarent,
1763 1143 1804 1186 vi

452 1223 676 1284 rapiendos
705 1224 1069 1283 reservandosque
1107 1223 1351 1266 mandabat.
1382 1223 1563 1266 Tirones
1593 1237 1733 1281 neque
1763 1221 1805 1264 in

452 1302 578 1357 ludo,
616 1319 754 1362 neque
786 1320 863 1362 per
898 1302 1098 1357 lanistas,
1130 1302 1203 1345 sed
1230 1303 1273 1345 in
1308 1302 1507 1345 domibus
1536 1318 1614 1361 per
1643 1301 1806 1360 equites

452 1398 677 1437 romanos,
711 1391 839 1441 atque
873 1382 1000 1424 etiam
1034 1398 1110 1441 per
1146 1390 1360 1425 senatores
1394 1396 1613 1424 armorum
1647 1381 1807 1441 peritos

451 1460 700 1515 erudiebat3
723 1461 920 1521 precibus
944 1461 1134 1516 enitens,
1159 1461 1275 1520 quod
1296 1459 1485 1521 epistolis
1507 1460 1598 1520 ejus
1619 1458 1807 1502 ostendi-

452 1549 549 1596 tur,
590 1550 640 1583 ut
680 1539 950 1600 disciplinam
995 1540 1265 1602 singulorum
1310 1541 1603 1601 susciperent,
1644 1540 1809 1599 ipsique

453 1619 610 1663 dictata
638 1621 931 1664 exercentibus
963 1620 1127 1664 darent.
1164 1621 1429 1681 Legionibus
1465 1619 1725 1681 stipendium
1763 1619 1807 1661 in

453 1710 709 1760 perpetuum
735 1699 984 1760 duplicavit.
1010 1703 1292 1744 Frumentum
1309 1736 1320 1757 ,
1346 1702 1512 1761 quoties
1532 1700 1656 1760 copia
1676 1708 1783 1742 esset
1797 1732 1808 1752 ,

453 1780 580 1822 ctiam
606 1781 696 1823 sine
721 1779 849 1823 modo
874 1796 1160 1840 mensuraque
1185 1781 1389 1841 praebuit,
1414 1797 1463 1823 ac
1487 1777 1654 1839 singula
1680 1779 1811 1821 inter-

453 1858 555 1901 dum
580 1859 792 1918 mancipia
817 1876 867 1902 ex
892 1859 1036 1919 praeda
1060 1861 1222 1903 viritim
1249 1860 1378 1903 dedit.

515 1939 699 1981 XXVII.
736 1937 802 1981 Ad
828 1938 1098 1982 retinendam
1128 1949 1272 1982 autem
1304 1938 1499 1999 Pompeii
1529 1935 1810 1981 necessitudi-

453 2032 552 2059 nem
588 2032 637 2059 ac
672 2014 966 2072 voluntatem,
1004 2018 1257 2074 Octaviam,
1294 2018 1452 2061 sororis
1487 2033 1572 2061 suae
1608 2025 1810 2076 neptem,

455 2110 549 2152 quae
578 2096 626 2138 C.
657 2094 865 2138 Marcello
902 2106 1038 2156 nupta
1076 2105 1194 2149 erat,
1227 2096 1518 2140 conditionem
1556 2097 1594 2139 ei
1630 2093 1811 2149 detulit,

453 2173 620 2232 sibique
644 2172 777 2223 filiam
799 2175 891 2233 ejus
916 2175 959 2217 in
983 2175 1309 2218 matrimonium
1334 2176 1477 2235 petiit,
1502 2177 1661 2218 Fausto
1685 2172 1813 2217 Sullae

454 2249 725 2295 destinatam.
748 2253 962 2296 Omnibus
982 2270 1085 2296 vero
1105 2254 1219 2297 circa
1239 2270 1361 2310 eum,
1386 2264 1515 2314 atque
1539 2253 1667 2297 etiam
1691 2260 1812 2313 parte

454 2346 609 2390 magna
631 2340 821 2386 senatus,
845 2333 1057 2391 gratuito,
1083 2342 1158 2375 aut
1181 2331 1265 2376 levi
1290 2333 1474 2389 foenore,
1497 2332 1735 2386 obstrictis,
1760 2346 1811 2374 ex

454 2408 618 2468 reliquo
642 2426 812 2470 quoque
830 2410 1034 2453 ordinum
1055 2427 1232 2471 genere,
1247 2411 1314 2454 vel
1332 2410 1554 2466 invitatos,
1574 2409 1640 2454 vel
1659 2417 1812 2469 sponte

453 2487 507 2530 ad
529 2504 572 2531 se
602 2499 890 2533 commeantes
906 2524 917 2545 ‚
944 2491 1165 2533 uberrimo
1192 2491 1411 2550 congiario
1439 2489 1776 2551 persequebatur
1801 2504 1809 2530 :

454 2566 628 2610 libertos
667 2569 841 2630 insuper
876 2569 1154 2628 servulosque
1193 2570 1426 2629 cujusque,
1467 2578 1596 2630 prout
1634 2567 1812 2611 domino

454 2656 690 2704 patronove
716 2644 864 2707 gratus
888 2649 983 2707 quis
1018 2658 1140 2691 esset.
1170 2650 1281 2691 Tum
1313 2665 1510 2703 reorum,
1544 2656 1618 2691 aut
1653 2646 1813 2689 obaera-
