1988 3439
750 262 1014 300 CALIGULA.
1501 279 1513 302 1
1524 267 1572 304 65

201 347 402 405 demum,
433 347 521 391 fato
551 346 770 402 functum,
803 345 944 406 palam
974 346 1137 390 factum
1167 358 1232 392 est
1253 384 1263 404 ‚
1294 367 1381 394 non
1408 351 1572 397 solatiis

199 426 297 472 ullis
313 463 324 484 ‚
350 445 438 472 non
461 427 610 471 edictis
638 425 827 469 inhiberi
854 425 996 470 luctus
1020 426 1223 488 publicus
1247 432 1414 490 potuit,
1435 432 1569 477 dura·

202 508 353 569 vitque
394 508 523 552 etiam
556 522 633 567 per
664 505 794 549 festos
830 505 1071 551 decembris
1106 509 1265 552 mensis
1298 509 1399 554 dies.
1437 514 1572 558 Auxit

199 587 383 650 gloriam
417 586 771 646 desideriumque
808 585 1005 631 defuncti
1043 587 1172 633 etiam
1211 590 1414 634 atrocitas
1455 593 1570 638 inse-

197 669 423 729 quentium
453 676 728 728 temporum,
755 667 922 710 cunctis
956 683 1035 711 nec
1065 677 1229 712 temere
1257 670 1541 731 opinantibus
1559 708 1571 730 ,

197 749 438 793 reverentia
455 748 548 808 ejus
568 763 618 791 ac
637 756 758 791 metu
778 763 1021 807 repressam
1039 748 1203 792 Tiberii
1225 750 1455 808 saevitiam,
1474 770 1570 814 quae

196 845 296 874 mox
323 828 530 890 eruperit.

257 911 354 954 VII.
384 909 550 954 Habuit
572 909 616 952 in
641 909 918 953 matrimonio
942 911 1255 972 Agrippinam,
1275 915 1338 958 M.
1363 913 1569 976 Agrippae

194 1000 238 1034 et
262 988 386 1034 Juliae
413 988 574 1047 filiam,
603 1000 645 1034 et
673 1006 725 1034 ex
753 1007 803 1034 ea
835 1007 992 1035 novem
1021 990 1181 1036 liberos
1211 992 1312 1037 tulit
1341 1011 1350 1038 ε
1380 1012 1569 1056 quorum

194 1071 283 1115 duo
310 1069 497 1115 infantes
520 1070 664 1115 adhuc
691 1072 829 1132 rapti,
854 1088 967 1116 unus
988 1072 1076 1133 jam
1102 1090 1384 1134 puerascens,
1410 1076 1570 1139 insigni

197 1151 453 1206 festivitate,
485 1151 608 1211 cujus
634 1150 822 1213 effigiem
849 1152 1001 1196 habitu
1030 1153 1262 1214 Cupidinis
1291 1156 1334 1199 in
1363 1156 1453 1200 aede
1481 1160 1568 1201 Ca-

194 1230 389 1292 pitolinae
411 1231 595 1275 Veneris
623 1231 747 1276 Livia
773 1231 1001 1276 dedicavit.
1040 1235 1262 1295 Augustus
1293 1236 1335 1279 in
1365 1236 1569 1282 cubiculo

197 1329 276 1356 suo
313 1312 530 1372 positam,
567 1312 914 1372 quotiescunque
953 1313 1182 1371 introiret,
1221 1315 1567 1361 exosculabatur.

194 1392 339 1436 Ceteri
378 1391 630 1452 superstites
666 1393 780 1452 patri
812 1392 1002 1436 fuerunt.
1037 1396 1142 1438 Tres
1176 1411 1303 1440 sexus
1339 1396 1569 1454 feminini,

192 1471 462 1532 Agrippina,
493 1469 714 1528 Drusilla,
746 1470 928 1529 Livilla,
958 1473 1169 1518 continuo
1203 1476 1393 1519 triennio
1420 1486 1530 1520 natae
1557 1494 1566 1520 :

192 1550 376 1595 totidem
404 1567 567 1609 mares,
597 1552 717 1596 Nero
744 1561 786 1595 et
812 1554 986 1596 Drusus
1015 1563 1057 1598 et
1081 1555 1130 1598 C.
1161 1550 1568 1601 Caesa1·.'Ner0nem

194 1643 236 1676 et
253 1635 450 1677 Drusum
472 1633 853 1690 senatus,Tiberio
879 1635 1158 1694 criminante,
1177 1637 1323 1681 hostes
1337 1637 1565 1698 judicavit.

257 1714 379 1757 VIII.
404 1714 454 1758 C.
479 1716 622 1759 Caesar
643 1724 771 1758 natus
798 1724 862 1759 est
884 1715 1023 1776 pridie
1050 1714 1257 1762 kalendas
1281 1719 1566 1779 septembres,

189 1803 312 1854 patre
337 1810 415 1837 suo
438 1803 481 1837 ct
503 1796 552 1839 C.
579 1795 760 1838 Fonteio
790 1796 1006 1856 Capitone
1035 1796 1299 1842 consulibus.
1325 1799 1413 1843 Ubi
1439 1809 1567 1843 natus

189 1874 269 1930 sit,
294 1874 510 1918 incertum
541 1873 770 1919 diversitas
799 1875 1066 1921 tradentium
1090 1876 1207 1921 facit.
1240 1880 1321 1923 Cn.
1351 1878 1567 1923 Lentulus

190 1952 428 1999 Gaetulicus
454 1955 606 1998 Tiburi
638 1956 834 2016 genitum
861 1956 1036 2014 scribit3
1069 1957 1235 2001 Plinius
1264 1959 1491 2003 Secundus
1522 1960 1567 2003 in

187 2036 419 2090 Treveris,
455 2036 552 2079 vico
591 2036 877 2094 Ambiatino,
913 2054 1044 2098 supra
1084 2038 1366 2082 Confluentes
1401 2055 1409 2082 :
1442 2039 1568 2083 addit

192 2115 320 2158 etiam
348 2132 428 2175 pro
457 2126 742 2176 argumento,
770 2133 865 2160 aras
897 2118 955 2160 ibi
984 2117 1182 2172 ostendi,
1208 2119 1466 2179 inscriptas,
1497 2121 1566 2163 OB

191 2197 460 2239 Aomppmffi
486 2197 808 2241 Pummzmnn.
836 2195 1050 2241 Vei-siculi
1069 2232 1080 2254 ,
1111 2198 1353 2258 imperante
1384 2216 1484 2243 mox
1516 2216 1567 2243 eo

190 2274 421 2336 divulgati,
442 2274 558 2336 apud
585 2276 789 2320 hibernas
816 2276 1007 2338 legiones
1034 2289 1313 2338 procreatum
1337 2279 1533 2325 indicant
1554 2296 1563 2323 :

318 2371 362 2406 In
385 2372 513 2407 castris
536 2378 662 2417 natus,
688 2371 818 2420 patriis
843 2372 1003 2408 nutritus
1027 2373 1066 2408 in
1092 2374 1224 2420 armis,

368 2434 450 2468 Jam
478 2434 660 2482 designati
690 2434 871 2482 principis
899 2446 1009 2470 omen
1036 2442 1123 2470 crat.

189 2515 284 2576 Ego
314 2515 357 2558 in
380 2517 508 2572 actis,
535 2518 653 2560 Antii
683 2517 871 2572 editum,
896 2518 1083 2561 invenio.
1110 2516 1374 2561 Gaetulicum
1407 2517 1562 2563 refellit

190 2593 357 2639 Plinius
375 2630 385 2650 ,
412 2598 532 2655 quasi
563 2598 791 2641 mentitum
821 2615 897 2658 prr
918 2597 1212 2641 adulationem
1231 2633 1242 2652 ,
1269 2606 1316 2640 ut
1339 2597 1390 2641 ad
1418 2597 1564 2643 laudes

188 2672 360 2733 juvenis
382 2674 647 2737 gloriosique
671 2679 878 2738 principis
909 2677 1073 2737 aliquid
1095 2678 1225 2721 ctiam
1248 2694 1301 2721 ex
1326 2678 1432 2723 urbe
1455 2682 1563 2723 Her-
