1988 3439
556 237 798 275 OCTAVIUS
826 236 1094 275 AUGUSTus.
1437 249 1504 282 107

147 336 215 365 sos
247 322 336 382 jam
374 322 427 366 ad
467 332 626 366 terram
668 320 1008 380 languentesque
1051 336 1193 363 ramos
1237 319 1505 364 convaluisse

144 401 332 446 adventu
369 420 472 459 suo,
506 401 613 445 adeo
647 398 814 444 laetatus
849 409 937 454 est,
967 409 1017 443 ut
1051 415 1120 443 eas
1155 415 1253 442 cum
1288 399 1508 459 republica

143 482 533 544 Neapolitanorum
553 481 884 542 permutaverit,
906 481 1079 524 AEnaria
1099 479 1213 522 data.
1238 478 1507 523 Observabat

142 572 184 606 et
218 563 308 607 dies
343 561 574 624 quosdam,
607 577 660 604 ne
691 571 767 604 aut
799 560 1007 621 postridie
1039 558 1257 604 nundinas
1287 575 1506 619 quoquam

143 642 504 703 proficisceretur,
526 650 603 685 aut
621 641 760 685 Nonis
779 641 1013 701 quicquam
1033 640 1095 684 rei
1119 639 1238 684 seriae
1262 637 1508 694 inchoaret;

141 723 249 767 nihil
274 725 316 767 in
339 723 421 767 hoc
444 722 620 783 quidem
644 721 762 765 aliud
783 721 997 778 devitans,
1019 730 1068 766 ut
1088 719 1141 765 ad
1164 720 1387 766 Tiberium
1407 722 1507 765 scri-

141 803 227 859 bit,
253 819 383 863 quam
406 804 646 861 Συσφημίαν
673 802 871 846 nominis.

203 885 362 928 XCIII.
391 884 727 945 Peregrinarum
759 882 1096 926 cerimoniarum
1125 882 1238 926 sieut
1265 890 1429 926 veteres
1459 898 1507 926 ac

139 973 370 1025 praeceptas
397 964 740 1008 reverentissime
772 962 933 1020 coluit,
962 964 1020 1007 ita
1048 973 1210 1007 ceteras
1239 963 1508 1023 contemptui

138 1044 302 1088 habuit.
334 1045 535 1105 Namque
562 1044 744 1089 Athenis
773 1044 992 1101 initiatus,
1022 1060 1159 1104 quum
1183 1053 1331 1104 postea
1359 1045 1507 1087 Romae

140 1141 219 1185 pro
253 1123 460 1168 tribunali
495 1123 549 1167 de
582 1123 810 1186 privilegio
848 1124 1120 1168 sacerdotum
1153 1125 1305 1168 Atticae
1340 1124 1508 1168 Cereris

141 1214 442 1265 cognosceret,
469 1214 511 1248 et
545 1203 741 1263 quaedam
777 1205 1009 1248 secretiora
1044 1213 1413 1265 proponerentur,
1445 1202 1509 1245 di·-

139 1285 269 1328 misso
301 1283 482 1328 consilio
516 1294 557 1328 et
590 1301 752 1329 corona
790 1285 1189 1341 circumstantium,
1224 1283 1339 1327 solus
1372 1282 1509 1327 audiit

138 1364 443 1424 disceptantes.
459 1366 516 1409 At
530 1374 702 1419 contra,
723 1381 809 1407 non
831 1364 959 1407 modo
978 1366 1020 1408 in
1038 1364 1309 1424 peragranda
1324 1365 1508 1424 AEgypto

138 1443 269 1505 paulo
302 1443 529 1488 deflectere
563 1443 617 1487 ad
652 1444 878 1488 visendum
911 1445 1029 1505 Apin
1063 1443 1328 1504 supersedit,
1365 1442 1437 1486 sed
1468 1453 1509 1486 et

139 1525 295 1568 Caium
321 1533 544 1585 nepotem,
569 1523 685 1584 quod
711 1524 904 1568 Judaeam
930 1523 1249 1585 praetervehens
1272 1523 1389 1584 apud
1414 1523 1509 1567 Hie-

137 1604 399 1665 rosolymam
424 1620 513 1647 non
538 1603 842 1665 supplicasset,
867 1603 1143 1649 collaudavit.

200 1686 357 1729 XCIV.
386 1686 440 1729 Et
471 1685 680 1745 quoniam
712 1685 766 1728 ad
798 1685 889 1730 haee
921 1696 1099 1730 ventum
1129 1695 1215 1743 est,
1252 1702 1340 1729 non
1377 1685 1430 1729 ab
1463 1701 1509 1728 re

139 1765 269 1808 suerit
289 1764 536 1820 subtexere,
556 1781 651 1824 quae
671 1765 710 1808 ei
735 1765 878 1825 prius,
901 1783 1033 1826 quam
1055 1775 1323 1823 nasceretur,
1349 1775 1391 1809 et
1416 1767 1509 1827 ipso

140 1843 272 1888 natali
299 1844 388 1900 die,
415 1860 464 1888 ac
489 1843 690 1904 deinceps
715 1847 958 1903 evenerint,
982 1847 1140 1906 quibus
1165 1846 1313 1890 futura
1337 1847 1507 1908 magni-

139 1925 245 1968 tudo
274 1924 366 1985 ejus
402 1933 442 1968 et
478 1934 688 1985 perpetua
720 1923 900 1969 felicitas
935 1927 1099 1987 sperari
1130 1927 1506 1987 animadvertique

140 2014 295 2066 posset.
332 2003 510 2048 Velitris
545 2005 787 2065 antiquitus
825 2015 941 2050 tacta
977 2007 1028 2051 de
1066 2006 1175 2051 coelo
1211 2018 1334 2069 parte
1367 2008 1506 2062 muri,

142 2101 400 2145 responsum
441 2094 531 2140 est,
568 2086 660 2146 ejus
700 2085 849 2146 oppidi
887 2087 1024 2130 civem
1062 2087 1324 2148 quandoque
1359 2105 1504 2132 reruni

143 2166 386 2226 potiturum
416 2183 424 2209 :
454 2182 541 2226 qua
572 2165 729 2210 fiducia
765 2166 1001 2225 Veliterni,
1037 2178 1079 2212 et
1117 2179 1221 2212 tunc
1259 2169 1428 2225 statim,
1466 2178 1507 2212 et

142 2256 290 2307 postea
319 2246 496 2306 saepius,
525 2262 646 2306 paene
677 2246 732 2289 ad
765 2248 946 2291 exitium
974 2250 1064 2306 sui,
1094 2266 1192 2293 cum
1223 2248 1386 2310 populo
1415 2252 1506 2293 Ro-

142 2344 270 2371 mano
304 2325 685 2387 belligeraverunt.
722 2327 827 2370 Sero
864 2328 1037 2372 tandem
1072 2329 1342 2375 documentis
1375 2347 1505 2390 appa-

142 2410 253 2464 ruit,
296 2417 517 2451 ostentum
561 2406 667 2451 illud
712 2408 897 2468 Augusti
942 2412 1180 2469 potentiam
1222 2411 1502 2471 portendisse.

134 2494 298 2538 Auctor
333 2498 398 2532 est
425 2487 564 2531 Julius
587 2489 835 2543 Marathus,
861 2500 959 2534 ante
986 2508 1166 2551 paucos,
1196 2509 1324 2552 quam
1356 2508 1503 2535 nasce·

134 2583 283 2631 retur,
317 2584 508 2623 menses,
537 2567 783 2628 prodigium
817 2572 964 2614 Roma}
998 2570 1158 2615 factum
1193 2571 1384 2632 publice,
1416 2588 1504 2631 quo

143 2651 486 2699 denunciabatur
520 2665 661 2707 regem
695 2648 857 2708 populo
894 2653 1091 2694 Romans»
1124 2661 1323 2694 naturam
1358 2663 1506 2712 partu-
