1971 3342
367 285 437 321 ¹:3⁹0
982 267 1133 302 NOTAE

413 353 497 385 Cn.
524 349 604 384 LV.
630 348 692 382 Ad
707 346 922 394 infamiam.
944 344 1086 389 Tacit.‚
1111 344 1277 386 AnnaL,
1301 355 1334 387 1,
1359 354 1405 376 ἠ
1435 353 1443 375 :
1465 357 1480 372 ιι
1501 340 1647 377 Primus
1672 343 1748 377 Au-

1364 372 1374 387 Ι

359 419 490 461 gustus
516 410 773 459 cognitionem
803 408 851 444 de
881 406 1033 443 famosis
1060 405 1217 450 libellis,
1244 403 1367 452 specie
1396 402 1488 451 legis
1515 402 1596 449 ejus
1617 402 1752 453 (maje—

359 473 477 524 statis)
499 472 690 519 tractavit,
710 477 921 507 commotus
936 468 1050 505 Cassii
1070 467 1202 504 Severi
1221 467 1397 511 libidine,
1425 478 1502 514 qua
1520 465 1624 501 viros
1642 465 1752 500 femi-

359 538 503 584 nasque
522 535 682 571 illustres
699 532 926 582 procacibus
946 531 1093 578 scriptis
1116 529 1386 566 diffamaverat.
1411 546 1425 560 »

413 598 596 633 Licentia.
629 597 767 634 Libere
807 593 987 630 conviciis
1013 599 1190 640 appetere
1220 593 1279 627 vel
1313 592 1417 640 ipsos
1449 591 1695 639 imperatores
1719 589 1758 624 in

361 667 583 695 testamento
610 658 773 695 Romani
805 657 987 693 solebant.
1022 654 1115 700 Dio,
1142 668 1260 699 Lvn1,
1296 655 1370 698 637
1409 667 1416 689 :
1442 659 1622 697 Φουλκίνιος
1656 657 1756 702 Τρίων

363 729 473 761 twa-bv
495 729 749 773 προαπέκτεινε,
775 725 881 758 πολλὰ
906 725 961 769 μὲν
988 725 1103 757 ἐκεῖνον
1127 715 1217 767 (5οἱ1·
1242 715 1475 765 Tiberium),
1503 720 1608 755 πολλὰ
1634 717 1673 753 δὲ
1703 719 1759 752 καὶ

361 792 413 823 τὸν
439 790 607 836 Μάκρωνα
629 791 657 823 ἐν
684 790 756 826 ταῖς
782 785 955 825 διαθήκαις
972 783 1175 831 λοιδορήσας.
1200 779 1305 814 Idem
1328 786 1457 815 narrat
1481 777 1598 814 Tacit.
1613 805 1623 822 ,
1640 779 1758 818 Ann.‚

361 859 422 892 vi,
451 847 513 885 38.

418 909 505 944 Cn».
526 909 624 944 LVI.
653 909 700 942 In
719 905 892 942 tribubus.
912 905 1089 951 Duabus,
1110 903 1261 952 Scaptia
1282 911 1318 939 et
1331 903 1458 939 Fabia.
1479 901 1578 937 Vide
1593 912 1675 948 sup.
1701 912 1760 934 xi.

421 972 578 1018 Questus
597 979 663 1005 est.
692 969 810 1006 Tacit.
826 996 836 1014 ,
865 968 1028 1010 Amal„
1052 980 1115 1013 iv,
1146 980 1188 1012 17
1213 979 1221 1001 z
1248 982 1262 997 α
1278 966 1334 1000 Ne
1363 964 1447 1013 quis
1475 963 1635 999 mobiles
1662 961 1761 997 ado—

364 1033 585 1069 lescentium
598 1032 742 1068 animos
754 1029 991 1079 praematuris
1000 1029 1216 1065 honoribus
1230 1028 1279 1063 ad
1292 1026 1509 1074 superbiam
1527 1025 1736 1060 extolleret.
1749 1040 1763 1053 „

367 1096 422 1132 Cf.
439 1096 559 1131 D10N.
573 1123 582 1139 ,
609 1107 692 1139 mv,
710 1106 748 1141 p.
781 1091 867 1134 554.

420 1157 654 1192 Judz'ciariis.
703 1158 796 1201 Quae
842 1153 1119 1189 constituerant
1163 1151 1335 1188 ordinem
1379 1149 1614 1197 modumque
1657 1146 1765 1194 judi-

368 1219 528 1255 ciorum.

427 1281 614 1329 Veneficii.
636 1281 732 1316 Plin.
747 1308 756 1326 ,
778 1281 823 1315 H.
855 1279 901 1314 N.
915 1307 924 1324 ,
945 1291 1069 1322 xxxV,
1101 1290 1144 1312 12
1167 1290 1175 1312 τ
1197 1293 1212 1307 «
1232 1275 1362 1311 Patina
1387 1287 1467 1310 non
1492 1273 1674 1316 foediore,
1696 1284 1767 1306 cu—

366 1346 428 1392 jus
446 1357 595 1380 veneno
610 1344 812 1393 Asprenati
832 1355 898 1379 reo
921 1341 1068 1378 Cassius
1088 1342 1250 1377 Severus
1267 1346 1462 1376 accusator
1482 1336 1688 1384 objiciebat
1706 1335 1768 1370 in—

369 1407 497 1443 terisse
517 1420 617 1443 cxxx
638 1407 828 1443 convivas.
854 1424 866 1436 »ι

427 1471 556 1505 Cassio
584 1471 725 1505 Severo.
754 1471 811 1504 De
838 1469 913 1503 hoc
948 1466 1087 1503 celebri
1113 1473 1266 1502 oratore
1302 1462 1465 1512 Augusti
1497 1469 1621 1507 aetate,
1651 1460 1745 1496 Plin.
1763 1488 1771 1504 ‚

374 1536 418 1568 H.
447 1534 511 1577 N„
534 1545 615 1577 vn,
642 1544 698 1566 12.
721 1531 776 1566 Cf.
799 1532 1050 1573 GLANDORP.,
1075 1529 1268 1564 Onomast.
1284 1553 1294 1570 ‚
1317 1539 1354 1574 p.
1377 1537 1465 1573 209.

430 1595 631 1630 Subselliis.
659 1593 736 1630 Ubi
756 1593 938 1628 sedebant
959 1603 1047 1627 cum
1071 1602 1138 1625 reo
1164 1588 1327 1636 patroni.

429 1656 678 1691 Laudatione.
705 1656 751 1690 In
770 1666 876 1689 more
896 1653 963 1689 diu
988 1652 1059 1688 fuit
1085 1650 1188 1699 apud
1217 1652 1410 1685 Romanos
1441 1646 1587 1683 laudari
1614 1658 1699 1682 reos
1724 1646 1771 1681 ab

374 1718 500 1754 amicis
521 1731 529 1753 :
551 1717 590 1753 id
619 1729 709 1753 vero
737 1715 987 1765 prohibuerat
1008 1712 1209 1761 Pompeius
1230 1725 1322 1748 coss.
1344 1713 1397 1746 M.
1419 1713 1461 1746 A.
1483 1711 1529 1746 U.
1555 1722 1641 1755 του.

431 1781 663 1814 Castricium.
688 1780 746 1814 De
767 1790 846 1826 quo
867 1777 960 1812 nihil
980 1781 1228 1823 compertum.

433 1844 520 1877 Cn.
543 1842 658 1876 Lvll.
678 1842 869 1876 Natalem.
891 1839 966 1874 Dio
981 1866 990 1882 ‚
1012 1850 1097 1881 LIV,
1116 1848 1154 1884 p.
1182 1834 1256 1878 545
1281 1848 1289 1870 ;
1311 1840 1362 1873 Τὰ
1381 1840 1526 1885 γενέθλια.
1559 1838 1602 1872 τὰ
1627 1842 1683 1872 τοῦ
1702 1839 1773 1870 Αὐ-

374 1911 510 1954 γεύττευ
525 1908 580 1941 καὶ
602 1910 630 1940 ἐν
642 1913 686 1952 τῷ
710 1901 910 1951 Ῐππονῖρέμῳ
923 1929 930 1943 ,
945 1904 1000 1938 καὶ
1016 1906 1044 1937 ἐν
1058 1908 1098 1949 τῇ
1116 1904 1195 1948 ἄλλῃ
1210 1903 1301 1935 πόλει
1315 1902 1492 1945 πολλαχόθι
1505 1900 1617 1946 Θηρίων
1635 1900 1776 1945 σφαγαῖς

377 1971 521 2015 ἐτιμήθη.
543 1970 610 2002 Καὶ
635 1974 730 2003 τοῦτο
746 1970 802 2014 μὲν
822 1969 878 2002 καί
896 1981 944 2001 τοι
960 1968 1004 2012 μὴ
1020 1966 1171 2011 ψηφισθὲν
1186 1986 1195 2003 ‚
1216 1966 1245 1997 ἐν
1268 1966 1370 1997 πᾶσιν
1383 1991 1390 2004 ,
1403 1965 1443 2002 ὣς
1464 1963 1562 1996 εἰπεῖν
1577 1989 1585 2002 ,
1604 1963 1669 2000 τοῖς
1688 1962 1776 1994 ἔτεσι

376 2033 451 2077 πρός
473 2046 556 2071 τινος
574 2038 636 2065 τῶν
659 2031 709 2065 ἀεὶ
734 2034 999 2076 στρατη-μῦντων
1020 2029 1173 2074 ἐγίγνετο.

431 2090 722 2124 Sandaliarium.
756 2088 816 2123 Sic
839 2087 983 2122 dictum
1003 2098 1023 2120 a
1042 2086 1126 2120 vico
1154 2084 1421 2125 Sandaliario,
1448 2082 1496 2118 ad
1523 2079 1774 2117 differentiam

377 2151 531 2187 alterius
566 2150 753 2199 Apollinis
782 2149 976 2192 Palatina,
1005 2154 1104 2183 auct.
1135 2146 1355 2190 PancirolL,
1380 2146 1428 2180 de
1458 2157 1523 2180 x1v
1553 2157 1627 2192 reg.
1658 2155 1774 2184 rom.,

376 2226 413 2261 p.
444 2213 478 2248 6.
508 2214 627 2247 Suum
647 2219 773 2248 autern
800 2223 940 2246 nomen
961 2210 1050 2246 inde
1071 2208 1204 2244 habuit
1226 2209 1328 2243 virus
1354 2206 1641 2249 Sandaliarius,
1669 2203 1776 2252 quod

378 2276 413 2309 in
436 2287 481 2309 eo
500 2274 716 2309 habitarent
734 2273 971 2309 Sandaliarii
989 2284 1053 2308 seu
1074 2271 1335 2306 sandaliorum
1360 2267 1533 2304 artifices.

434 2339 478 2370 ln
499 2336 778 2371 restitutionem.
804 2334 880 2369 Dio
895 2362 904 2379 ‚
924 2346 993 2378 ιν,
1020 2345 1057 2381 p.
1094 2331 1167 2368 556
1190 2346 1198 2367 :
1222 2330 1425 2383 ἐμπρησμοῦ
1450 2333 1489 2369 δὲ
1513 2336 1592 2369 ποτὲ
1611 2336 1647 2367 τὸ
1674 2334 1780 2366 παλά-

378 2418 442 2437 τιον
475 2401 740 2449 ἃιαφθεῖραντος,
773 2402 829 2436 καὶ
857 2406 982 2435 πολλῶν
1014 2403 1102 2445 αὐτῷ
1140 2401 1246 2433 πολλὰ
1277 2397 1456 2440 διδόντων,
1479 2395 1571 2431 οὐδὲν
1599 2394 1734 2433 {lagen
1756 2395 1776 2431 ἢ

381 2469 472 2511 μόνον
499 2467 590 2511 παρὰ
617 2467 673 2512 μὲν
693 2471 756 2499 τῶν
773 2462 888 2510 δήμων
913 2467 1065 2509 χρυσοῧν”
1091 2463 1183 2507 παρὰ
1207 2459 1246 2495 δὲ
1264 2467 1327 2495 τῶν
1349 2458 1487 2494 ἰδιωτῶν
1510 2458 1672 2505 δραχμήν.

434 2524 620 2558 Dema-sce.
643 2524 687 2557 In
709 2521 849 2570 quibus
869 2520 1122 2556 censebantur
1142 2519 1306 2564 librarii,
1326 2518 1478 2563 scribae,
1498 2516 1667 2560 lictores,
1693 2512 1778 2548 via-

380 2592 501 2630 tores,
521 2585 824 2620 nomenclatores
843 2590 880 2619 et
910 2581 1056 2617 accensi
1081 2581 1368 2629 magistratuum
1398 2590 1652 2616 romanorum.
1682 2574 1780 2610 Vide

382 2648 515 2682 Vires.
539 2647 585 2683 ad
611 2645 792 2682 Ammian.
821 2645 1013 2689 Marcell.,
1035 2656 1158 2678 xxvui
1174 2672 1182 2688 ,
1204 2643 1239 2678 6.
1262 2643 1318 2679 Cf.
1347 2644 1448 2678 Lxrs.
1477 2647 1514 2677 et
1541 2641 1702 2676 Ennesr.
1733 2634 1782 2670 ad

382 2708 497 2743 Tacit.
512 2737 521 2753 ,
552 2711 692 2743 Annal.
706 2735 715 2751 ,
739 2720 818 2742 x111
837 2735 846 2751 ,
874 2718 919 2751 ²7
934 2734 943 2750 ,
965 2719 984 2740 a
1006 2706 1059 2740 Cl.
1086 2706 1186 2739 Hase
1207 2704 1339 2740 citatos
1771 2692 1775 2696 ‚
