1988 3407
531 235 598 271 DE
627 230 954 269 ILLUSTRIBUS
984 231 1350 268 GRAMMATICIS.
1594 231 1637 276 87

251 319 466 380 siquidem
503 320 678 380 ignotus
714 316 887 372 adhuc,
918 332 1055 377 quum
1083 314 1252 376 judicio
1279 316 1495 375 frequenti
1524 317 1642 361 testi-

250 401 447 444 monium
479 399 668 455 diceret,
701 399 996 458 interrogatus
1025 413 1047 440 a
1077 398 1303 449 Varrone,
1332 395 1511 441 diversae
1539 414 1640 459 par-

248 482 302 525 tis
338 481 573 534 advocato,
604 499 625 521 «
650 477 861 540 quidnam
893 487 1066 539 ageret,
1100 487 1143 522 et
1167 494 1256 538 quo
1284 477 1471 521 artificio
1501 489 1642 523 utere-

249 572 310 606 tu.
327 562 380 606 P»
402 561 771 606 -«Gibberosos
792 576 836 603 se
860 558 913 603 de
935 558 1024 604 sole
1047 560 1092 603 in
1117 559 1319 603 umbram
1347 559 1602 614 11·ansfe··re‚
1623 582 1643 601 »

248 642 502 705 respondit3
543 640 663 702 quod
700 642 892 685 Murena
925 640 1080 702 gibber
1117 650 1224 685 erat.
1257 641 1380 685 Vixit
1411 657 1548 702 prope
1588 641 1642 684 ad

247 725 534 768 centesimum
562 723 701 767 aetatis
734 738 930 779 annum,
956 722 1115 767 amissa
1150 723 1238 784 jam
1268 721 1440 783 pridem
1473 739 1641 767 memo-

247 807 311 850 ria
329 840 341 863 ‚
368 815 417 850 ut
443 820 595 849 versus
621 801 822 848 Bibaculi
848 802 999 859 docet,

401 927 571 964 Orbilius
596 927 754 963 ubinam
774 934 851 972 est,
870 927 1082 963 litterarum
1103 927 1275 963 oblivio?

247 1046 401 1089 Statua
430 1044 524 1105 ejus
551 1044 793 1088 Beneventi
822 1043 1073 1088 ostenditur
1101 1044 1146 1088 in
1178 1043 1424 1106 Capitolio,
1455 1044 1511 1088 ad
1536 1044 1643 1089 sini-

246 1137 387 1169 strum
415 1124 530 1169 latus
546 1159 557 1181 ,
581 1141 856 1181 marmorea,
881 1125 1034 1169 habitu
1058 1125 1251 1170 sedentis
1275 1142 1327 1169 ac
1352 1124 1540 1186 palliati,
1563 1142 1642 1186 ap-

246 1206 397 1267 positis
425 1204 600 1250 duobus
619 1206 806 1250 scriniis.
836 1205 1035 1267 Reliquit.
1063 1205 1202 1251 filium
1231 1206 1454 1251 Orbilium
1472 1242 1483 1264 ‚
1511 1217 1553 1251 et
1580 1208 1643 1269 ip-

246 1304 343 1331 sum
368 1287 705 1348 grammaticum
733 1286 1039 1347 professorem.

309 1369 366 1412 X.
389 1367 561 1412 Atteius
587 1366 845 1429 Philologus
868 1367 1118 1425 libertines,
1143 1369 1325 1413 Athenis
1347 1378 1490 1413 natus.
1513 1372 1644 1413 Hunc

245 1448 407 1508 Capito
432 1447 625 1503 Atteius,
650 1457 782 1491 notus
799 1448 1165 1508 jurisconsultus,
1192 1450 1307 1495 inter
1329 1451 1644 1511 grammaticos

244 1528 496 1577 rhetorem„
535 1528 651 1572 inte?
687 1528 886 1572 rhetores
924 1530 1261 1590 grammaticum
1300 1530 1435 1575 fuisse
1465 1532 1539 1575 ait.
1575 1533 1644 1576 De

243 1608 397 1653 eodem
426 1610 604 1654 Asinius
628 1608 769 1653 Pollio
800 1610 843 1653 in
871 1608 1009 1666 libro,
1043 1627 1132 1671 quo
1157 1610 1354 1655 Sallustii
1381 1612 1543 1673 scripta
1571 1628 1641 1655 re-

242 1689 504 1750 prehendit,
549 1699 596 1734 ut
628 1690 760 1734 nimia
800 1691 1044 1751 priscorum
1089 1691 1325 1736 verborum
1363 1692 1645 1736 affectatione

244 1769 400 1826 oblita,
442 1771 502 1814 ita
543 1769 714 1814 tradit:
744 1773 837 1814 «ln
876 1788 971 1815 eam
1013 1789 1104 1816 rem
1145 1772 1418 1831 adjutorium
1460 1774 1498 1818 ei
1542 1773 1643 1818 fecit

242 1852 430 1895 maxime
465 1850 648 1912 quidam
683 1852 854 1896 Atteius
883 1854 1200 1910 Praetextatus,
1232 1853 1391 1899 nobilis
1418 1871 1640 1916 gramma-

245 1933 357 1976 ticus
396 1930 580 1988 latinus,
609 1930 950 1976 declamantium
976 1932 1135 1977 deinde
1165 1934 1342 1995 adjutor
1370 1946 1502 1996 atque
1528 1954 1639 1997 prae-

243 2023 417 2073 ceptor,
453 2013 507 2057 ad
537 2030 754 2057 summam
785 2013 1042 2076 Philologus
1072 2015 1126 2058 ab
1156 2026 1292 2060 semet
1328 2018 1596 2061 nominatus.
1620 2038 1640 2059 n

244 2096 343 2154 Ipse
370 2093 425 2137 ad
460 2093 641 2139 Laelium
668 2097 875 2138 Hermam
904 2096 1100 2156 scripsit,
1125 2116 1144 2137 «
1167 2113 1210 2140 se
1238 2097 1280 2140 in
1309 2098 1461 2158 graecis
1485 2097 1641 2142 litteris

244 2191 455 2235 magnum
484 2191 738 2235 processum
777 2176 959 2231 habere,
996 2187 1039 2221 et
1076 2178 1118 2221 in
1160 2177 1306 2222 latinis
1336 2179 1600 2223 nonnullum
1631 2198 1638 2222 :

243 2254 415 2299 audisse
450 2257 691 2300 Antonium
732 2257 1040 2318 Gniphonem,
1071 2259 1252 2320 ejusque
1290 2263 1499 2304 Hermam
1528 2278 1535 2303 :
1566 2277 1643 2320 po-

243 2347 334 2380 stea
364 2335 580 2380 docuisse.
620 2339 883 2399 Praecepisse
923 2348 1069 2382 autem
1101 2339 1250 2384 multis
1287 2350 1329 2385 et
1353 2340 1482 2385 claris
1518 2342 1642 2402 juve-

244 2417 371 2460 nibus
404 2434 412 2460 :
447 2418 490 2460 in
524 2418 686 2478 quibus
721 2419 864 2479 Appio
902 2436 1080 2480 quoque
1121 2430 1163 2464 et
1195 2421 1389 2466 Pulchro
1416 2420 1639 2476 Claudiis,

241 2497 711 2559 fratribus,.quorum
743 2500 873 2544 etiam
911 2518 1055 2545 comes
1100 2502 1141 2544 in
1186 2503 1413 2563 provincia
1451 2502 1595 2546 fuerit.
1620 2523 1638 2543 υ

245 2579 476 2640 l'lez'lologz'
501 2578 843 2640 appellationem
875 2583 1129 2625 assumsisse
1157 2582 1344 2638 videtur,
1374 2584 1498 2644 quia,
1524 2584 1638 2628 sicui

242 2660 580 2715 Eratosthenes,
607 2662 679 2721 qni
706 2662 872 2722 primus
898 2663 980 2706 hoc
1003 2680 1245 2724 cognomen
1269 2664 1347 2707 sibi
1374 2665 1637 2717 vindicavit,
