1971 3342
450 265 462 285 1
472 251 519 286 86
979 254 1015 286 C.
1044 252 1270 288 SUETONII

446 333 535 377 dies
556 334 709 393 sparsit
730 335 772 375 in
797 332 976 394 plebem.
999 335 1245 379 Fabricavit
1270 347 1311 380 et
1331 338 1502 383 deceres
1535 340 1767 390 liburnicas
1784 383 1795 403 ,

445 413 668 473 gemmatis
696 412 940 473 puppibuS,
970 406 1298 459 versicoloribus
1331 416 1435 462 velis
1453 453 1464 475 ,
1494 437 1649 482 magna
1680 424 1796 469 ther-

445 508 612 535 marum
636 502 679 536 et
702 493 949 552 porticuum
970 502 1011 535 et
1032 492 1317 538 tricliniorum
1341 495 1537 556 laxitate,
1558 518 1798 564 magnaque

445 572 573 615 etiam
597 572 750 615 vitium
773 581 814 614 et
835 571 1142 631 pomiferarum
1163 574 1368 619 arborum
1386 579 1591 624 varietate
1610 598 1619 624 :
1642 583 1798 642 quibus

444 651 718 695 discumbens
750 650 801 693 de
833 650 902 693 die
937 651 1048 694 inter
1074 652 1228 696 choros
1258 670 1307 698 ac
1332 659 1636 717 symphonias,
1674 661 1798 707 litora

444 732 691 790 Campaniae
726 739 990 791 peragraret.
1021 732 1071 773 In
1105 735 1470 780 exstructionibus
1497 742 1797 798 praetoriorum

444 820 572 869 atque
595 808 816 865 villarum,
837 811 955 852 omni
981 811 1149 854 ratione
1171 813 1437 872 posthabita,
1458 817 1566 861 nihil
1590 828 1675 863 tam
1704 821 1796 866 effi-

443 906 537 933 cere
562 889 920 949 concupiscebat,
953 907 1080 949 quam
1114 892 1229 950 quod
1258 909 1381 953 posse
1414 895 1522 939 effici
1554 910 1795 960 negaretur.

446 971 500 1012 Et
514 969 638 1028 jactae
658 969 802 1028 itaque
820 968 952 1012 moles
971 969 1123 1013 infesto
1143 988 1192 1014 ac
1213 972 1429 1031 profundo
1448 977 1575 1033 mari,
1590 988 1631 1021 et
1648 981 1798 1024 excisae

446 1065 577 1108 rupes
592 1049 808 1092 durissimi
828 1048 976 1105 silicis,
991 1059 1032 1093 et
1046 1051 1187 1110 campi
1206 1052 1425 1096 montibus
1444 1070 1601 1116 aggere
1620 1061 1796 1118 aequati,

443 1137 485 1170 et
503 1126 773 1187 complanata
791 1128 967 1170 fossuris
988 1130 1200 1172 montium
1219 1130 1344 1190 juga,
1361 1133 1602 1178 incredibili
1621 1137 1795 1196 quidem

444 1205 689 1260 celeritate,
720 1223 854 1266 quum
884 1223 1011 1250 morae
1045 1207 1174 1268 eulpa
1208 1210 1349 1269 capite
1384 1209 1588 1257 lueretur.
1621 1217 1710 1273 Ac,
1745 1235 1798 1260 ne

447 1285 614 1347 singula
644 1303 917 1342 enumerem,
943 1287 1170 1331 immensas
1192 1305 1320 1349 opes,
1350 1300 1576 1352 totumque
1600 1293 1703 1338 illud
1726 1297 1797 1340 Tt-

448 1367 554 1409 berii
589 1367 766 1410 Caesaris
800 1367 928 1409 vicies
965 1383 1014 1410 ae
1048 1368 1202 1428 septies
1237 1368 1389 1413 millies
1426 1374 1668 1418 sestertium
1709 1392 1793 1418 non

443 1454 534 1488 toto
560 1455 753 1488 vertente
781 1462 895 1488 anno
922 1447 1144 1490 absumsit.

504 1526 754 1568 XXXVIII.
783 1525 1027 1568 Exhaustus
1053 1527 1183 1587 igitur
1209 1538 1337 1588 atque
1363 1546 1515 1590 egens,
1542 1532 1594 1574 ad
1623 1534 1794 1593 rapinas

443 1604 660 1646 convertit
682 1604 895 1660 animum,
916 1605 1034 1647 vario
1059 1616 1099 1648 ct
1120 1608 1454 1666 exquisitissimo
1479 1610 1791 1656 calumniarum

440 1693 482 1726 et
508 1683 757 1725 auctionum
787 1693 827 1725 et
860 1683 1130 1744 vectigalium
1160 1703 1328 1746 genere.
1359 1690 1577 1749 Negabat,
1604 1690 1702 1749 jure
1733 1694 1794 1735 ci-

441 1762 615 1805 vitatem
648 1779 870 1805 romanam
902 1779 1111 1823 usurpare
1148 1781 1246 1820 eos,
1279 1784 1467 1825 quorum
1498 1770 1680 1829 majores
1705 1772 1795 1814 sibi

442 1843 709 1902 posterisque
745 1859 836 1885 eam
870 1843 1197 1903 impetrassent,
1235 1846 1313 1889 nisi
1347 1846 1421 1889 filii
1451 1858 1591 1891 essent
1619 1866 1626 1891 ι
1658 1866 1795 1910 neque

439 1923 553 1964 enim
598 1920 781 1981 intelligi
822 1922 978 1966 debere
1009 1933 1209 1984 poslems
1251 1924 1359 1969 ultra
1406 1927 1519 1970 hune
1560 1928 1740 1987 gradum
1785 1947 1791 1970 τ

441 2000 693 2061 prolataque
715 2002 926 2045 Divorum
954 2002 1055 2045 Julii
1082 2013 1125 2046 et
1152 2006 1335 2063 Augusti
1361 2004 1625 2065 diplomata,
1655 2017 1702 2050 ut
1726 2025 1794 2050 ve-

441 2090 532 2123 tera
559 2091 601 2123 et
627 2080 842 2136 obsoleta,
872 2080 1052 2124 delebat.
1086 2083 1305 2141 Arguebat
1335 2094 1376 2126 ct
1404 2101 1628 2144 perperam
1657 2086 1794 2130 editos

443 2175 620 2208 census,
652 2160 809 2219 quihus
843 2170 989 2220 postea
1025 2177 1285 2222 quacunque
1317 2163 1369 2206 de
1401 2181 1529 2208 causa
1559 2166 1790 2226 quicquam

440 2240 691 2281 inerementi
723 2241 978 2283 accessisset.
1008 2243 1281 2285 Testamenta
1319 2243 1680 2304 primipilarium,
1715 2247 1788 2306 qui

440 2317 492 2360 ab
532 2318 654 2360 initio
689 2318 959 2379 principatus
995 2321 1160 2364 Tiberii
1198 2339 1337 2383 neque
1377 2322 1530 2380 illum,
1570 2341 1708 2384 neque
1748 2342 1791 2368 se

440 2396 638 2439 heredem
665 2396 961 2457 reliquissent,
989 2409 1034 2443 ut
1065 2401 1231 2461 ingrata
1263 2403 1460 2459 rescidit3
1493 2404 1592 2447 item
1625 2413 1788 2447 cetero-

439 2492 561 2532 rum,
585 2486 632 2519 ut
657 2477 775 2520 irrita
800 2487 840 2521 et
864 2495 995 2533 vana,
1022 2496 1301 2540 quoscunque
1326 2483 1421 2541 quis
1449 2482 1611 2526 diceret
1635 2483 1788 2526 herede

437 2557 602 2598 Caesare
629 2557 736 2599 mori
765 2557 1010 2601 destinasse.
1040 2559 1142 2614 Quo
1175 2570 1290 2604 metu
1324 2562 1505 2621 injecto,
1535 2578 1666 2620 quum
1697 2561 1783 2621 jam

437 2642 477 2673 ct
501 2633 553 2676 al)
586 2635 740 2694 ignotis
774 2637 884 2679 inter
915 2636 1169 2691 linniliares,
1201 2649 1237 2681 et
1269 2657 1289 2681 a
1319 2640 1566 2697 parentilznis
1594 2640 1705 2683 inter
1738 2640 1787 2683 li-
