1971 3342
413 217 461 254 66
940 214 979 249 C.
1008 211 1236 249 SUETONII

413 316 509 345 rum
540 298 747 359 januarii,
790 313 925 358 quum
964 312 1090 339 mane
1130 311 1210 355 pro
1250 293 1337 337 aede
1376 290 1612 352 Capitolini
1651 292 1767 334 Jovis

412 378 640 441 paululum
667 376 809 422 curuli
842 375 945 421 sella
987 373 1272 436 praesedisset,
1312 373 1478 416 honore
1515 370 1648 425 abiit,
1688 370 1770 414 suf-

414 459 525 503 fecto
545 456 628 502 alio
654 459 696 501 in
722 457 864 500 locum
889 471 1029 499 suum.
1054 455 1144 516 Nec
1168 469 1317 497 omnes
1344 454 1511 505 Romae,
1542 449 1615 493 sed
1641 465 1770 508 quar-

415 548 506 582 tum
532 536 805 583 consulatum
832 536 875 579 in
901 535 1020 589 Asia,
1044 534 1245 594 quintum
1277 533 1320 575 in
1351 529 1488 574 insula
1522 531 1670 585 Samo,
1701 545 1771 572 oc-

413 627 561 662 tavum
589 627 630 662 et
651 632 815 660 nonum
837 617 1082 659 Tarracone
1110 614 1219 656 iniit.

474 699 659 742 XXVII.
696 695 1038 740 Triumviratum
1065 690 1312 753 reipublicae
1340 687 1652 734 constituendae
1695 703 1771 748 per

415 779 561 822 decem
587 792 722 820 annos
751 773 1070 818 administravit
1099 789 1107 815 ε
1135 772 1178 815 in
1209 787 1295 831 quo
1318 770 1476 814 restitit
1501 767 1672 828 quidem
1697 766 1773 810 ali-

414 857 620 919 quamdiu
646 854 843 916 collegis‚
872 870 925 898 ne
954 869 1039 913 qua
1067 851 1189 895 fieret
1215 849 1497 911 proscriptiO,
1525 847 1598 892 sed
1627 847 1773 907 incep-

415 948 503 982 tam
530 946 713 996 utroque
744 935 939 979 acerbius
967 932 1171 977 exercuit.
1200 932 1401 991 Namque
1435 927 1518 972 illis
1555 929 1599 971 in
1623 926 1775 971 multo-

414 1035 512 1062 rum
555 1033 666 1077 saepe
703 1031 932 1077 personam
974 1029 1051 1075 per
1094 1012 1276 1075 gratiam
1312 1020 1353 1055 et
1393 1025 1540 1071 preces
1580 1007 1775 1059 exorabi-

414 1097 548 1151 libus,
579 1094 693 1140 solus
718 1111 877 1155 magno
901 1110 1028 1154 opere
1054 1091 1299 1145 contendit,
1324 1106 1376 1133 ne
1405 1090 1474 1133 cui
1504 1096 1773 1149 parceretur3

414 1176 755 1238 proscripsitque
786 1174 914 1218 etiam
933 1174 983 1216 C.
1001 1172 1237 1216 Toranium
1267 1179 1455 1213 tutorem
1483 1183 1632 1221 suum,
1658 1182 1776 1209 eum-

415 1256 599 1316 demque
625 1252 835 1314 collegam
860 1252 995 1313 patris
1025 1251 1090 1294 sui
1115 1249 1285 1294 Octavii
1316 1249 1359 1291 in
1384 1246 1599 1291 aedilitate.
1623 1245 1778 1291 Junius

416 1334 676 1380 Saturninus
700 1333 782 1376 hoc
804 1331 988 1391 amplius
1008 1329 1165 1373 tradit:
1184 1330 1332 1386 Quum
1360 1338 1533 1388 peracta
1559 1326 1779 1387 proscrip-

417 1415 533 1458 tione
569 1415 630 1457 M.
672 1411 862 1472 Lepidus
904 1412 948 1454 in
982 1418 1133 1453 senatu
1172 1416 1415 1451 excusasset
1455 1406 1694 1467 praeterita,
1737 1415 1780 1449 et

418 1510 539 1554 spem
582 1491 820 1536 clementiae
855 1490 897 1533 in
938 1498 1160 1549 posterum
1199 1487 1387 1542 fecisset,
1427 1486 1634 1545 quoniam
1674 1486 1776 1528 satis

418 1588 643 1633 poenarum
670 1580 869 1614 exactum
893 1578 1025 1623 esset3
1049 1568 1166 1611 hunc
1190 1583 1213 1610 e
1237 1566 1406 1609 diverso
1432 1564 1694 1626 professum,
1720 1565 1779 1607 ita

418 1651 597 1695 modum
625 1667 668 1693 se
693 1647 990 1710 proscribendi
1016 1647 1233 1701 statuisse,
1263 1655 1311 1688 ut
1332 1645 1477 1689 omnia
1497 1644 1577 1687 sibi
1602 1642 1781 1703 relique-

417 1732 474 1775 rit
502 1730 648 1774 libera.
677 1732 728 1772 In
759 1728 883 1787 cujus
911 1737 1054 1770 tamen
1084 1725 1330 1786 pertinaciae
1359 1724 1659 1784 poenitentiam
1689 1740 1782 1784 pos-

418 1821 488 1855 tea
513 1812 562 1853 T.
591 1809 771 1852 Vinium
804 1806 1193 1866 Philopoemenem,
1230 1802 1349 1864 quod
1385 1813 1620 1863 patronum
1653 1819 1779 1846 suum

418 1885 710 1951 proscriptum
745 1886 903 1930 celasse
932 1884 1036 1929 olim
1073 1884 1307 1939 diceretur,
1344 1884 1531 1942 equestri
1570 1882 1781 1942 dignitate

416 1969 661 2013 honoravit.
690 1970 740 2011 In
774 1966 923 2009 eadem
953 1965 1034 2007 hac
1064 1972 1274 2024 potestate
1316 1961 1546 2022 multiplici
1581 1961 1780 2023 flagravit

416 2048 591 2091 invidia.
622 2048 737 2090 Nam
764 2054 804 2087 et
839 2043 1084 2097 Pinarium,
1120 2042 1307 2101 equitem
1342 2057 1593 2097 romanum,
1619 2058 1780 2101 quum,

417 2127 702 2170 concionante
736 2140 799 2179 se,
823 2122 1010 2165 admissa
1047 2121 1174 2164 turba
1201 2136 1489 2180 paganorum,
1524 2119 1640 2180 apud
1664 2119 1778 2163 mili-

417 2216 478 2250 tes
506 2204 774 2249 subscribere
806 2201 1000 2262 quaedam
1039 2199 1435 2257 animadvertisset,
1473 2200 1694 2244 curiosum
1730 2217 1780 2244 ac

417 2284 732 2347 speculatorem
764 2292 902 2338 ratus,
940 2297 1084 2324 coram
1123 2279 1297 2323 confodi
1325 2279 1587 2340 imperavit:
1625 2289 1668 2323 et
1702 2282 1781 2323 Te-

417 2367 537 2410 dium
558 2364 734 2419 Afrum,
752 2360 975 2407 consulem
1001 2360 1297 2421 designatum,
1326 2360 1427 2418 quia
1451 2358 1610 2402 factum
1639 2358 1778 2418 quod-

416 2446 516 2490 dam
546 2461 672 2489 suum
705 2442 896 2503 maligno
933 2457 1131 2485 sermone
1156 2439 1411 2498 carpsisset,
1442 2439 1572 2482 tantis
1603 2447 1776 2482 conter-

416 2527 505 2569 ruit
531 2526 678 2581 minis,
708 2534 755 2567 ut
779 2524 813 2566 is
839 2539 882 2566 se
906 2519 1254 2581 praecipitaverit.
1282 2521 1335 2561 Et
1359 2520 1414 2576 Q.
1431 2517 1624 2562 Gallium
1640 2552 1651 2574 ,
1673 2535 1779 2579 prae-

416 2616 577 2660 torem,
628 2605 671 2647 in
713 2603 857 2646 officio
897 2598 1165 2643 salutationis
1206 2597 1384 2642 tabellas
1426 2596 1617 2657 duplices
1665 2608 1779 2642 veste
