1988 3407
633 291 683 324 IN
717 292 826 326 OCT.
858 292 1148 328 AUGUSTUM.
1519 298 1587 345 10⁹»

193 363 447 411 hispanienses
472 366 680 414 exercitus,
710 368 842 405 Caium
881 376 1111 405 remeantem
1138 371 1343 417 Armenia,
1369 380 1406 407 et
1431 375 1589 413 vulnere

192 424 401 462 invalidum
443 439 546 464 mors
584 428 662 465 fato
695 442 882 479 propera,
911 433 970 467 vel
1005 444 1177 468 novercae
1209 432 1322 468 Liviae
1356 434 1468 472 dorus
1496 438 1612 475 abs--

192 487 289 523 tunt.
315 505 330 521 ι
1061 494 1064 498 ’

245 551 461 600 Adoptauit.
483 552 597 601 Veu.,
619 566 651 589 11
668 581 678 599 ,
702 555 774 591 103
795 568 806 591 ε
833 556 979 602 «Quod
1007 564 1096 605 post
1127 559 1236 596 Lucii
1259 566 1443 608 mortem,
1466 561 1590 600 adhuc

192 611 283 648 Caio
311 613 420 660 vivo,
454 614 578 651 facere
604 617 795 662 voluerat,
826 625 940 667 atque
970 620 1214 657 vehementer
1244 631 1482 671 repugnante
1512 626 1591 661 Ne—

190 686 307 721 rone,
327 684 407 712 erat
425 676 627 726 inhibitus,
647 687 735 727 post
755 680 954 731 utriusque
974 682 1270 720 adolescentium
1291 685 1440 722 obitum
1467 687 1590 725 facere

190 738 464 785 perseveravit,
493 747 562 776 etc.
584 758 597 773 »

244 800 449 836 Abdicauit.
470 802 517 838 H.
543 815 573 838 e.
594 803 732 840 familia
763 804 893 852 ejecit,
917 806 1047 855 sicque
1076 808 1221 845 irritam
1247 810 1374 846 effecit
1404 811 1588 860 adoptio—

188 873 286 897 nem.
316 862 604 899 Abdicationem
625 865 671 900 ab
693 865 988 903 exheredatione
1008 869 1163 906 differre
1176 900 1186 917 ,
1209 872 1317 920 quod
1335 872 1398 909 illa
1412 871 1455 909 fit
1476 874 1564 910 vivo
1579 903 1588 920 ‚

188 923 267 960 haec
284 931 458 971 mortuo,
477 934 586 962 notat
608 929 662 964 CI.
691 930 794 964 Hase
814 943 859 966 ex
879 931 986 966 Reitz
1016 931 1064 967 ad
1083 933 1120 968 h.
1142 934 1164 968 l.

240 986 396 1022 Libello.
419 988 503 1024 Scil.
527 989 716 1037 oratione,
730 999 774 1027 ut
790 1005 886 1042 saepe
909 994 971 1029 tali
991 1006 1103 1030 sensu
1121 1008 1199 1032 vox
1213 996 1275 1034 illa
1296 998 1462 1035 occurrit
1481 1000 1589 1047 apud

185 1046 350 1085 historiae
374 1045 554 1100 Augustae
573 1054 778 1102 scriptores

240 1113 352 1149 Fecit.
373 1116 507 1151 Postea
519 1123 654 1152 notum
673 1118 802 1154 fecisse
823 1119 1012 1167 poenituit.
1035 1121 1186 1168 Senec.,
1200 1124 1248 1158 cle
1261 1124 1417 1170 Bemf,
1433 1137 1492 1170 v1,
1515 1125 1562 1161 32
1579 1140 1586 1161 :

187 1189 205 1206 u
225 1175 393 1222 Deinde,
419 1189 538 1226 quum
557 1178 783 1228 interposito
809 1189 980 1229 tempore
1012 1182 1051 1218 in
1072 1184 1199 1220 locum
1219 1185 1284 1221 irae
1313 1187 1487 1224 subiisset
1517 1201 1586 1224 ve—

185 1237 387 1283 recundia,
410 1251 581 1288 gemens,
603 1242 711 1289 quod
735 1256 814 1279 non
839 1244 901 1280 illa
922 1243 986 1295 (sc.
1009 1244 1166 1297 flagitia)
1193 1248 1343 1284 silentio
1372 1250 1586 1297 pressisset,

185 1311 268 1346 quae
288 1300 433 1336 tamdiu
453 1302 656 1350 nescierat,
676 1304 799 1341 donec
817 1306 926 1354 loqui
946 1314 1059 1355 turpe
1081 1315 1194 1355 esset,
1216 1323 1313 1359 saepe
1333 1313 1557 1350 exclamavit
1577 1328 1585 1349 ε

184 1360 332 1397 Horum
374 1363 466 1399 mihi
512 1364 605 1401 nihil
643 1366 838 1404 accidisset
857 1397 866 1413 ‚
902 1368 933 1405 si
978 1377 1043 1406 aut
1080 1372 1254 1420 Agrippa
1293 1381 1357 1409 aut
1401 1377 1585 1413 Maecenas

184 1422 346 1459 vixisset.
371 1442 385 1456 υ

236 1485 389 1522 Phoebe.
405 1487 511 1524 Juliae
523 1488 659 1527 liberta
679 1490 767 1537 fuit,
787 1494 946 1542 ejusque
964 1492 1148 1531 vitiorum
1164 1495 1348 1544 adjutrix.
1372 1499 1426 1535 Cf.
1448 1501 1585 1547 Dion„

182 1559 248 1593 riv,
266 1559 305 1596 p.
332 1548 420 1587 555.

236 1610 474 1649 Planariam.
496 1616 641 1664 Nempe
661 1617 899 1654 Plomariam.

238 1671 354 1710 Cavit.
374 1676 513 1724 Tacit.,
534 1681 675 1715 Annal.
689 1708 700 1723 ‚
726 1693 762 1726 1,
785 1680 808 1717 6
838 1694 847 1717 ε
869 1699 885 1713 «
901 1682 1084 1732 Saevaque
1112 1686 1310 1734 Augustus
1342 1686 1389 1724 de
1414 1688 1585 1725 moribus

181 1733 428 1774 adolescentis
455 1747 632 1787 questus,
658 1749 702 1778 ut
727 1742 898 1779 exsilium
923 1744 1005 1792 ejus
1029 1748 1358 1784 senatusconsulto
1377 1749 1586 1788 sanciretur

180 1797 403 1842 perfecerat.
426 1817 440 1832 υ

233 1861 305 1899 Affl'
324 1868 443 1913 ὄφελςν,
464 1865 605 1901 Versus
631 1866 808 1913 Horn‹:r.,
835 1870 974 1911 Iliad„
998 1883 1070 1915 111,
1098 1877 1167 1917 40,
1196 1872 1331 1909 leviter
1351 1874 1581 1914 immutatus.

180 1921 298 1968 Apud
316 1931 471 1971 poetam
497 1939 504 1960 :

341 2053 410 2087 Afo'
435 2055 540 2100 ὄφελες
566 2058 676 2102 ἄγονός
691 2063 719 2092 τ’
745 2062 873 2105 Sue-ozi,
904 2063 1030 2106 ἄγαμός
1050 2066 1079 2095 τ’
1100 2063 1289 2098 ἀπολέσθαι.

233 2163 319 2198 Cn.
341 2164 479 2200 LXVI.
504 2166 759 2204 Salvidienum
778 2170 928 2216 Rufum.
951 2172 1068 2218 Veli,
1089 2185 1142 2218 11,
1166 2172 1213 2218 76
1235 2186 1244 2208 :
1264 2189 1283 2206 α
1297 2176 1368 2211 Per
1387 2188 1472 2224 quae
1493 2184 1582 2214 tem-

177 2235 274 2271 pora
296 2224 385 2261 Rufi
412 2227 616 2265 Salvidieni
640 2232 794 2269 scelesta
825 2233 980 2270 consilia
1009 2235 1196 2282 patefacta
1228 2245 1327 2273 sunt.
1362 2239 1439 2284 Qui
1470 2247 1581 2277 natus

179 2286 450 2325 obscurissimis
479 2290 610 2338 initiis,
630 2306 765 2341 parum
788 2295 953 2332 habebat
973 2310 1117 2333 summa
1143 2300 1350 2347 accepisse,
1380 2308 1416 2337 et
1440 2303 1577 2350 proxi-

177 2362 261 2386 mus
291 2362 311 2386 a
340 2353 408 2387 Cn.
439 2355 622 2402 Pompeio
651 2356 812 2406 ipsoque
836 2360 978 2395 Caesare
1004 2372 1049 2395 ex
1080 2361 1247 2409 equestri
1280 2363 1414 2400 ordine
1446 2368 1575 2403 consu]

177 2419 326 2450 creatus
355 2427 453 2461 esse,
474 2416 544 2451 nisi
570 2416 607 2452 in
637 2418 675 2453 id
707 2421 953 2467 ascendisset,
993 2435 1012 2457 e
1033 2435 1111 2470 quo
1141 2423 1239 2460 insi-a
1268 2438 1306 2461 se
1331 2433 1368 2462 et
1396 2428 1576 2464 Caesarem

176 2475 322 2513 videret
344 2485 383 2514 et
407 2481 690 2528 rempublicam.
709 2502 721 2514 ι,

233 2539 398 2576 Gallum.
424 2542 501 2587 Qui
519 2545 684 2593 AEgypto
705 2548 930 2595 praepositus
950 2550 1073 2586 fuerat
1093 2553 1136 2585 A.
1160 2552 1206 2588 U.
1230 2558 1304 2596 724
1339 2566 1346 2587 :
1378 2553 1450 2588 fuit
1479 2553 1578 2590 inter

177 2609 308 2648 poetas
330 2603 498 2641 eximius.
526 2607 582 2642 Cf.
606 2608 732 2643 Hm'x.
755 2609 803 2645 ad
823 2611 927 2660 Virg.
951 2613 1107 2660 Eclog„
1131 2626 1193 2658 v1,
1216 2627 1276 2659 72.

231 2664 323 2700 Suis.
349 2667 470 2703 Intell.
496 2668 699 2713 Coesm·ee‘s,
728 2671 775 2707 de
796 2673 936 2721 quibus
962 2687 1077 2722 supra
1119 2689 1239 2714 xtvu.

233 2725 510 2773 conjuratione.
534 2732 589 2766 Dc
611 2745 685 2780 qua
711 2746 846 2782 supra,
873 2749 949 2772 xix.

308 2812 355 2840 ιι.
1364 2809 1414 2853 ¹3
