1971 3342
355 247 402 281 82
886 236 924 270 C.
958 232 1188 270 SUETONII

356 334 576 374 Hactenus
603 337 749 370 tamen
786 320 970 373 imitati,
1002 328 1048 361 ut
1079 315 1272 361 carmina
1299 326 1455 372 parum
1486 307 1630 351 adhuc
1667 305 1734 348 di-

356 409 552 471 vulgata,
573 406 638 451 vel
660 405 966 449 defunctorum
987 399 1251 451 amicorum,
1273 392 1341 437 vel
1365 392 1398 434 si
1420 404 1609 450 quorum
1633 385 1740 429 alio-

358 508 456 534 rum
496 488 779 550 probassent,
821 480 1073 542 diligentius
1112 481 1425 523 retractarent,
1466 486 1516 513 ac
1555 465 1739 528 legendo

360 567 783 627 commentandoque
809 564 940 608 etiam
968 559 1121 604 ceteris
1148 566 1250 601 nota
1279 555 1470 598 facerent
1499 566 1507 592 :
1540 558 1588 592 ut
1610 547 1743 591 Caius

361 652 574 697 Octavius
602 646 844 708 Lampadio
870 643 1007 688 Naevii
1043 640 1253 701 punicum
1286 633 1477 687 bellum,
1507 628 1627 690 quod
1652 643 1742 670 uno

365 731 587 776 volumine
623 738 665 772 et
697 723 940 771 continenti
973 721 1189 781 scriptura
1227 716 1498 776 expositum,
1530 708 1678 753 divisit
1702 708 1746 750 in

367 823 530 874 septem
559 810 693 854 libros
717 824 725 850 ε
754 816 803 850 ut
840 814 990 865 postea
1012 801 1210 859 Quintus
1238 793 1538 856 Vargunteius
1566 787 1746 834 annales

369 893 512 948 Ennii,
529 906 638 950 quos
658 887 785 932 certis
807 884 959 928 diebus
977 883 1020 925 in
1042 895 1198 941 magna
1220 874 1465 936 frequentia
1485 869 1749 932 pronuncia·

371 976 443 1018 bat
466 990 474 1016 z
506 982 552 1015 ut
574 969 730 1015 Laelius
751 964 1009 1019 Archelaus,
1031 961 1225 1013 vectius,
1243 958 1439 1015 Quintus
1472 950 1753 997 Pliilocomus

372 1052 531 1099 Lucilii
556 1051 732 1105 satiras,
757 1044 980 1091 familiaris
1004 1043 1097 1099 sui3
1126 1056 1234 1101 quas
1262 1037 1414 1098 legisse
1441 1051 1485 1078 se
1518 1030 1635 1093 apud
1673 1032 1755 1074 Ar-

374 1132 576 1179 chelaum
596 1129 830 1189 Pompeius
853 1127 1060 1179 Lenaeus,
1087 1119 1205 1182 apud
1227 1116 1534 1162 Philocomum
1554 1110 1759 1157 Valerius

376 1218 502 1269 Cato,
517 1210 769 1274 praedicant.
781 1210 1091 1252 Instruxerunt
1107 1207 1412 1257 auxeruntque
1427 1195 1481 1239 ab
1497 1192 1616 1237 omni
1636 1200 1763 1252 parte

378 1293 734 1358 grammaticam,
764 1288 928 1332 Lucius
958 1284 1094 1330 AEtius
1130 1280 1414 1334 Lanuvinus,
1443 1291 1577 1338 gener
1604 1271 1766 1329 Qui-nti

380 1377 504 1433 AElii,
533 1373 708 1419 Servius
736 1369 949 1425 Clodius,
984 1376 1169 1425 uterque
1195 1378 1325 1422 eques
1354 1372 1584 1413 romanus,
1611 1352 1765 1398 multi-

381 1474 465 1518 que
490 1473 539 1501 ac
564 1454 671 1498 varii
700 1462 744 1496 et
769 1453 814 1495 in
840 1448 1041 1493 doctrina
1070 1455 1113 1489 et
1142 1445 1187 1487 in
1215 1439 1440 1503 republica
1464 1454 1582 1482 usus.

446 1539 524 1580 Ill.
554 1537 603 1579 L.
631 1532 766 1578 AElius
789 1529 1051 1591 cognomine
1077 1523 1242 1585 duplici
1272 1522 1353 1565 fuit
1375 1538 1383 1564 :
1412 1535 1511 1562 nam
1537 1527 1579 1561 et
1600 1518 1769 1560 Praeco-

388 1620 541 1672 ninus,
569 1613 688 1675 quod
717 1621 839 1673 pater
875 1610 967 1669 ejus
1001 1605 1268 1668 praeconium
1305 1601 1488 1655 fecerat,
1516 1597 1772 1652 vecabatur,

387 1709 428 1743 et
455 1697 587 1752 Stilo,
617 1694 735 1755 quod
760 1692 980 1736 orationes
1007 1685 1279 1732 nobilissimo
1304 1683 1464 1742 cuique
1488 1679 1678 1724 scribere
1703 1694 1776 1721 so-

391 1780 506 1824 lebat
530 1796 538 1822 :
573 1786 718 1820 tantus
745 1773 1008 1834 optimatum
1037 1768 1197 1822 fautor,
1226 1774 1274 1808 ut
1299 1763 1520 1820 Quintum
1545 1756 1775 1804 Metellum

392 1858 676 1906 Numidicum
702 1856 743 1898 in
773 1851 972 1897 exsilium
999 1848 1231 1892 comitatus
1256 1846 1324 1889 sit.
1350 1843 1548 1897 Servius,
1570 1855 1707 1901 quum
1732 1837 1779 1882 li-

394 1943 522 1984 brum
549 1936 686 1982 soceri
714 1933 909 1978 nondum
934 1930 1100 1975 editum
1129 1926 1282 1972 fraude
1306 1923 1629 1983 intercepisset,
1658 1929 1702 1964 et
1722 1919 1780 1963 ob

396 2023 479 2065 hoc
504 2017 780 2079 repudiatus,
803 2012 970 2074 pudore
993 2028 1042 2054 ac
1069 2009 1197 2053 taedio
1221 2006 1464 2051 secessisset
1486 2003 1541 2047 ab
1569 2001 1713 2055 Urbe,
1737 2000 1781 2043 in

399 2100 602 2163 podagrae
627 2097 831 2141 morbum
861 2092 1016 2136 incidit
1047 2108 1056 2134 ε
1087 2090 1211 2150 cujus
1246 2086 1476 2147 impatiens
1505 2098 1675 2127 veneno
1703 2080 1785 2124 sibi

403 2180 605 2242 perunxit
624 2176 778 2238 pedes,
799 2184 842 2218 et
862 2173 1038 2218 enecuit
1057 2172 1115 2214 ita
1129 2205 1139 2225 ,
1163 2179 1209 2212 ut
1231 2177 1355 2229 parte
1373 2183 1424 2210 ea
1444 2164 1641 2225 corporis
1660 2161 1787 2221 quasi

404 2271 670 2324 praemortua
699 2257 866 2300 vixerit.
894 2257 997 2299 Post
1015 2253 1099 2296 hoc
1119 2250 1257 2311 magis
1282 2264 1331 2292 ac
1355 2247 1492 2308 magis
1519 2254 1561 2288 et
1584 2243 1726 2304 gratia
1748 2250 1790 2284 et

404 2359 505 2387 cura
534 2341 638 2384 artis
673 2337 884 2392 increvit,
921 2344 969 2378 ut
1002 2349 1056 2377 ne
1086 2330 1315 2376 clarissimi
1345 2326 1522 2388 quidem
1551 2324 1631 2369 viri
1655 2321 1789 2367 absti-

408 2422 584 2467 nuerint
601 2455 612 2476 ,
637 2435 728 2480 quo
755 2418 901 2462 minus
925 2425 968 2459 et
992 2413 1071 2475 ipsi
1096 2409 1263 2471 aliquid
1284 2409 1338 2453 de
1366 2425 1417 2452 ea
1446 2406 1707 2459 scriberent,
1729 2411 1794 2446 ut-

410 2519 494 2564 que
516 2500 786 2562 temporibus
810 2494 1075 2559 quibusdam
1096 2509 1227 2553 super
1250 2490 1404 2552 viginti
1424 2487 1614 2533 celebres
1636 2480 1795 2529 scholae

412 2583 541 2627 fuisse
569 2584 613 2625 in
638 2580 759 2626 Urbe
790 2578 1044 2630 tradantur3
1071 2574 1210 2636 pretia
1239 2570 1628 2634 grammaticorum
1655 2573 1796 2617 tanta,

414 2662 719 2722 mercedesque
743 2671 831 2704 tam
856 2672 1042 2717 magnae,
1065 2665 1110 2698 ut
1135 2662 1325 2709 constet,
1348 2649 1577 2695 Lutatium
1599 2644 1800 2705 Daphni-
