1988 3407
412 238 449 272 C.
483 240 725 277 SUETONII
755 238 822 279 DE
855 244 1034 282 CLARIS
1066 248 1402 291 RHETORIBUS.
1555 270 1599 306 97

210 320 296 363 ruit
325 338 332 364 :
368 322 582 385 multique
612 342 708 369 eam
736 327 925 388 praesidii
957 346 1087 375 causa
1123 343 1166 376 et
1196 333 1345 395 gloriae
1375 343 1602 401 appetive-

211 412 328 446 runt.
358 404 516 448 Cicero
540 406 593 449 ad
620 418 856 468 praeturam
887 426 1022 471 usque
1048 429 1187 473 graece
1213 414 1479 464 declamavit
1503 439 1512 465 :
1541 421 1603 467 la-

208 482 298 526 tine
328 501 430 528 vero
469 487 614 531 senior
642 504 846 549 quoque,
888 499 930 534 et
962 492 1142 552 quidem
1174 496 1429 544 consulibus
1457 504 1601 548 Hirtio

206 572 249 606 et
274 566 440 623 Pansa,
471 584 580 627 quos
611 567 876 630 discipulos,
901 581 944 615 et
972 574 1162 634 grandes
1186 588 1489 638 praetextatos,
1521 600 1599 628 vo·-

203 644 344 689 cabat.
375 648 544 691 Cneum
575 650 832 710 Pompeium
858 653 1038 713 quidam
1068 654 1265 702 historici
1292 660 1596 723 tradiderunt,

201 724 283 768 sub
324 727 467 787 ipsum
505 728 631 773 civile
668 729 858 787 bellum,
896 750 985 794 quo
1023 735 1195 782 facilius
1234 741 1342 785 Caio
1381 743 1597 803 Curioni,

198 809 494 867 promtissimo
525 811 706 871 juveni,
742 830 920 860 causam
952 819 1136 864 Caesaris
1174 820 1456 884 defendenti,
1489 844 1597 873 con-

199 887 460 947 tradiceret,
490 894 699 952 repetisse
731 894 1009 942 declamandi
1042 903 1432 963 consuetudinem3
1471 910 1594 953 Mar-

195 985 294 1012 cum
321 972 591 1029 Antonium,
610 975 724 1019 item
756 978 1034 1039 Augustum,
1061 998 1117 1025 ne
1141 985 1380 1030 mutinensi
1412 990 1592 1049 quidem

193 1046 309 1093 bello
338 1053 552 1097 omisisse.
582 1055 705 1100 Nero
738 1058 886 1102 Caesar
911 1070 955 1104 et
977 1062 1120 1121 primo
1145 1063 1317 1125 imperii
1345 1084 1482 1126 anno,
1507 1088 1591 1132 pu-

196 1128 309 1175 blice
346 1149 524 1195 quoque
560 1136 628 1180 bis
667 1148 825 1195 antea,
864 1141 1126 1188 declamavit
1164 1146 1402 1210 :plerique
1442 1163 1589 1198 autem

192 1222 419 1257 oratorum
447 1216 581 1260 etiam
609 1217 948 1266 declamationes
971 1223 1220 1272 ediderunt.
1246 1229 1400 1286 Quare
1428 1250 1589 1296 magno

191 1292 337 1337 studio
367 1295 622 1342 hominibus
649 1299 831 1360 injecto,
860 1319 1019 1365 magna
1048 1308 1177 1351 etiam
1212 1311 1512 1370 professorum
1537 1334 1588 1362 ac

191 1372 422 1419 doctorum
446 1377 656 1438 profluxit
684 1382 839 1442 copia,
870 1383 1069 1446 adeoque
1096 1387 1271 1447 floruit,
1305 1403 1355 1436 ut
1380 1397 1587 1442 nonnulli

189 1470 241 1497 ex
262 1455 412 1500 infima
433 1457 611 1504 fortuna
634 1461 679 1504 in
699 1462 903 1507 ordinem
925 1469 1216 1526 senatorium,
1239 1481 1371 1533 atque
1392 1475 1447 1519 ad
1467 1494 1586 1522 sum-

188 1551 281 1580 mos
316 1537 505 1583 honores
540 1544 850 1602 processerint.
892 1545 976 1590 Sed
1007 1549 1121 1593 ratio
1154 1549 1340 1597 docendi
1378 1573 1458 1601 nec
1493 1575 1582 1605 una

185 1617 414 1675 omnibus,
443 1637 525 1665 nec
549 1622 735 1685 singulis
760 1624 913 1671 eadem
935 1644 1110 1691 semper
1131 1631 1234 1690 fuit,
1259 1637 1438 1695 quando
1460 1643 1583 1686 vario

185 1698 316 1743 modo
337 1701 524 1762 quisque
546 1703 786 1766 discipulos
807 1722 1115 1756 exercuerunt.
1139 1715 1255 1759 Nam
1277 1726 1319 1760 et
1339 1717 1456 1763 dicta
1477 1738 1583 1783 prae·

182 1779 321 1834 clare,
350 1799 430 1842 per
457 1801 608 1830 omnes
635 1786 822 1848 figuras,
847 1806 926 1850 per
953 1809 1102 1850 casus,
1131 1806 1173 1839 et
1195 1797 1428 1861 apologos,
1452 1802 1580 1849 aliter

180 1870 313 1922 atque
346 1862 473 1908 aliter
508 1882 757 1927 exponere,
793 1880 836 1914 et
872 1875 1147 1919 narrationes
1180 1887 1272 1922 tum
1302 1880 1496 1928 breviter
1536 1897 1582 1930 et

179 1958 349 2002 presse,
379 1954 473 1989 tuni
501 1945 631 1991 latius
660 1959 703 1992 et
729 1950 907 1996 uberius
934 1954 1155 2015 explicare
1185 1974 1452 2008 consuerant
1481 1967 1577 2009 :in-

180 2022 353 2067 terdum
382 2027 641 2072 Graecorum
669 2031 830 2092 scripta
858 2044 1139 2093 convertere,
1165 2054 1215 2083 ac
1238 2041 1355 2085 viros
1383 2042 1575 2091 illustres

175 2101 380 2163 laudare,
407 2106 472 2151 vel
505 2110 755 2171 vituperare
784 2130 793 2156 ε
817 2114 1016 2174 quaedam
1045 2118 1178 2162 etiam
1206 2120 1259 2163 ad
1293 2139 1420 2168 usum
1451 2143 1573 2171 com-

176 2187 324 2230 munis
345 2187 442 2231 vitae
469 2189 691 2246 instituta,
718 2203 810 2237 tum
837 2194 962 2240 utilia
990 2207 1033 2241 et
1057 2203 1328 2260 necessaria,
1356 2215 1449 2250 tum
1471 2225 1573 2269 per-

175 2265 340 2310 niciosa
368 2277 411 2311 et
446 2285 770 2330 supervacanea
805 2276 1037 2321 ostendere
1068 2297 1076 2322 :
1107 2297 1219 2343 saepe
1249 2283 1409 2330 fabulis
1441 2288 1571 2334 fidem

173 2346 374 2403 firmare,
422 2360 498 2393 aut
537 2351 730 2397 historiis
766 2355 966 2414 demere,
1005 2361 1124 2420 quod
1165 2379 1301 2424 genus
1338 2363 1490 2421 θ’ἓσεις
1530 2383 1573 2415 et

172 2424 406 2480 ἀνασκευᾶς
442 2441 484 2475 ct
519 2430 780 2486 κατασκευάς
815 2440 957 2483 Graeci
996 2453 1153 2486 vocant
1186 2462 1194 2487 :
1231 2445 1371 2492 donec
1409 2454 1569 2496 sensim

172 2508 262 2553 liaec
285 2510 599 2569 exoleverunt,
630 2526 671 2559 et
703 2518 756 2561 ad
780 2523 1126 2566 controversiam
1159 2537 1339 2571 ventum
1370 2540 1448 2574 est.
1476 2534 1567 2577 Vc-

170 2599 281 2634 teres
323 2599 636 2639 controversis&
671 2609 746 2642 aut
785 2616 836 2643 cx
877 2601 1072 2647 historiis
1108 2607 1430 2668 traliebantur3
1455 2612 1566 2658 sicut

168 2687 273 2714 sane
303 2673 525 2718 nonnullae
564 2693 702 2737 usque
740 2678 883 2725 adhuc
910 2700 918 2725 :
948 2695 1023 2728 aut
1060 2702 1110 2728 ex
1148 2690 1330 2734 veritate
1356 2708 1405 2736 ac
1429 2710 1497 2752 re,
1531 2697 1563 2739 si

379 2757 424 2783 Η.
1353 2771 1376 2815 7
