1988 3439
834 275 974 310 NERO.
1519 278 1589 311 ἰώ

228 362 399 420 recepit.
444 362 612 403 Partem
652 358 780 400 etiam
819 373 970 400 census
1007 373 1156 400 omnes
1198 358 1368 402 ordines
1397 361 1592 404 conferre

223 441 347 498 jussit
378 457 386 482 ε
425 450 464 483 et
507 440 681 498 insuper
715 435 948 497 inquilinos
979 439 1245 498 privatarum
1279 438 1433 482 aedium
1460 451 1591 500 atquo

227 518 463 563 insularum
494 518 743 580 pensionem
773 533 962 561 annuam
989 528 1295 578 repraesentare
1323 518 1425 562 fisco
1452 537 1460 562 ι
1495 538 1591 563 exe-

227 600 375 660 gitque
404 599 566 661 ingenti
591 597 763 644 fastidio
786 608 828 641 et
851 598 1085 642 acerbitate
1109 614 1337 642 nummum
1367 616 1590 660 asperum,

227 690 457 741 argentum
476 677 743 739 pustulatum
760 712 770 734 ‚
790 694 945 722 aurum
968 677 1022 722 ad
1042 678 1271 722 obrussam
1295 696 1303 722 :
1328 688 1375 723 ut
1397 678 1591 740 plerique

227 776 400 804 omnem
439 757 715 802 collationem
749 757 892 819 palam
925 769 1199 814 recusarent,
1228 776 1444 804 consensu
1473 760 1590 821 flagi-

227 851 385 896 tantes,
411 856 477 884 «a
510 839 776 886 delatoribus
805 841 951 900 potius
984 840 1224 884 revocanda
1260 842 1457 902 praemia,
1476 858 1592 902 qua:-

221 936 392 981 cunque
413 921 639 981 cepissent.
658 940 678 961 »

282 1001 418 1045 XLV.
445 1002 510 1044 Ex
543 1017 727 1045 annona:
765 1017 939 1062 quoque
977 1003 1157 1046 caritate
1185 1001 1411 1065 [lucranti]
1448 1020 1590 1048 accre-

223 1083 286 1125 vit
322 1079 498 1125 invidia.
537 1082 650 1125 Nam
687 1091 729 1125 et
766 1081 876 1125 forte
907 1082 1090 1138 accidit,
1127 1093 1172 1126 ut
1202 1084 1243 1126 in
1272 1082 1444 1144 publica
1479 1083 1591 1127 fame

222 1160 504 1205 alexandrina
542 1162 662 1204 navis
712 1163 994 1206 nunciaretur
1035 1161 1256 1223 pulverem
1308 1162 1591 1208 luctatoribus

224 1239 375 1285 aulicis
411 1240 643 1285 advexisse.
685 1243 833 1299 Quare
872 1243 1067 1286 omnium
1108 1245 1150 1287 in
1179 1261 1222 1288 se
1254 1243 1354 1287 odio
1387 1245 1591 1295 incitato,

220 1321 328 1366 nihil
352 1321 714 1365 contumeliarum
739 1322 900 1377 defuit,
926 1325 1031 1383 quin
1054 1324 1232 1369 subiret.
1256 1326 1419 1369 Statum
1451 1326 1542 1386 ejus
1568 1343 1592 1369 a

219 1401 377 1445 vertice
416 1402 556 1445 cirrus
598 1403 823 1462 appositus
866 1413 930 1446 est
967 1419 1066 1446 cum
1108 1405 1390 1465 inscriptione
1426 1422 1590 1466 graeca,

215 1501 235 1522 α
253 1482 382 1525 Nunc
400 1480 575 1524 demum
598 1497 739 1542 agona
764 1497 877 1538 esse,
892 1501 912 1522 »
937 1491 980 1525 et
1003 1502 1023 1524 «
1038 1483 1247 1527 Tradcret
1268 1483 1455 1528 tandem.
1473 1505 1494 1526 »
1519 1485 1591 1530 Al-

216 1562 350 1606 terius
393 1559 506 1605 collo
543 1571 585 1605 et
629 1577 835 1622 ascopera
878 1560 1096 1624 deligata,
1141 1563 1357 1625 simulque
1401 1565 1588 1609 titulusss

214 1644 343 1704 «Ego
369 1642 474 1703 quid
505 1641 657 1704 potui?
687 1642 762 1687 sed
789 1654 835 1688 tu
860 1641 1033 1687 culeum
1059 1644 1272 1688 meruisti.
1290 1664 1310 1686 »
1340 1647 1590 1707 Ascriptum

215 1733 255 1766 ct
274 1721 510 1780 columnis,
531 1725 660 1767 «Jam
680 1723 830 1769 Gallos
854 1741 951 1768 cum
976 1723 1196 1768 cautando
1220 1725 1474 1770 excitasse.»
1493 1729 1587 1770 Jam

216 1803 416 1847 noctibus
436 1803 583 1864 jurgia
612 1820 711 1847 cum
743 1804 877 1847 servis
908 1803 1105 1865 plerique
1133 1803 1407 1862 simulantes,
1434 1807 1589 1850 crebro

214 1883 430 1928 vindicem
463 1883 714 1944 poscebant.

249 1956 261 1971 ⁶
279 1966 439 2008 XLVI.
466 1965 733 2009 Terrebatur
757 1965 811 2009 ad
835 1965 918 2009 hoc
940 1966 1214 2010 evidentibus
1239 1969 1456 2028 portentis
1479 1986 1589 2012 som—

217 2045 390 2088 niorum
421 2054 463 2088 et
500 2045 795 2105 auspiciorum
833 2056 876 2089 et
909 2047 1129 2102 ominum,
1172 2064 1308 2107 quum
1346 2049 1590 2101 veteribus,

218 2135 308 2168 turn
333 2125 469 2168 novis.
494 2125 734 2184 Nunquam
760 2135 887 2169 antea
913 2127 1131 2170 somniare
1159 2126 1331 2184 solitus,
1355 2129 1495 2172 occisa
1519 2129 1591 2172 ‹le-

217 2221 335 2248 mum
363 2213 519 2260 matre,
552 2204 659 2248 vidit
684 2222 761 2265 per
788 2207 1002 2266 quietem,
1029 2223 1184 2251 navem
1211 2208 1293 2251 sibi
1319 2211 1486 2270 regenti
1516 2227 1590 2253 ex—

217 2293 381 2328 tortum
407 2283 778 2345 gubernaculum3
804 2285 1002 2345 trahique
1027 2303 1071 2329 sc
1094 2287 1148 2330 ab
1171 2289 1354 2331 Octavia
1383 2305 1517 2333 uxore
1547 2292 1588 2333 in

216 2364 450 2408 artissimas
488 2364 688 2408 tenebras
714 2382 723 2407 :
756 2374 796 2408 et
824 2364 954 2408 modo
980 2376 1267 2425 pennatarum
1308 2368 1586 2413 formicarum

218 2442 498 2488 multitudine
536 2443 728 2504 oppleri,
767 2444 896 2488 modo
935 2462 958 2488 a
998 2444 1237 2490 simulacris
1269 2450 1494 2508 gentium,
1534 2450 1587 2493 ad

217 2525 411 2585 Pompeii
428 2524 646 2568 theatrum
663 2524 978 2578 dedicatarum,
997 2527 1235 2581 circumiri,
1251 2529 1476 2588 arcerique
1491 2547 1587 2589 pro-

217 2620 388 2666 gressu;
411 2602 698 2648 Asturconem
716 2639 727 2661 ,
746 2622 833 2664 quo
853 2606 1042 2649 maxime
1072 2605 1298 2650 laetabann·
1313 2643 1323 2659 ,
1350 2610 1587 2668 posteriore

217 2685 411 2745 corporis
437 2694 557 2745 parte
584 2686 624 2728 in
649 2685 781 2730 simiae
804 2687 989 2746 speciem
1014 2687 1394 2747 transfiguratum,
1421 2707 1469 2732 ae
1496 2700 1586 2734 tan-
