1971 3342
464 268 474 288 1
486 268 505 288 2
984 252 1021 286 C.
1045 252 1273 287 SUETONII

461 337 573 378 tibus
595 351 604 377 ε
626 351 674 378 ac
698 342 880 394 negante
904 334 1090 393 quodam
1110 351 1186 394 per
1205 333 1510 378 contumeliam
1524 367 1535 388 ,
1560 335 1705 379 Facile
1729 337 1811 380 lzoc

460 415 734 473 ullz'femince
744 414 869 472 fore,
897 414 1136 474 respondit,
1160 415 1282 480 quasi
1305 413 1523 469 alludens,
1544 417 1598 458 In
1619 416 1811 475 Assyria

459 512 628 556 quoqne
651 510 856 555 regnasse
876 494 1159 548 Semz'rccmin,
1184 509 1476 554 magnamque
1498 494 1626 537 Asc‘oe
1636 503 1808 554 partem

459 578 718 620 Amazonas
743 575 927 617 tenuisse
950 573 1186 634 quondam.

520 656 681 697 XXIII.
727 657 917 696 Functus
957 651 1180 696 consulatu
1195 688 1207 709 ‚
1249 654 1299 697 C.
1339 653 1547 698 Memmio
1584 652 1810 712 Lucioque

461 734 651 777 Domitio
669 733 922 793 praetoribus
939 731 991 775 de
1012 733 1244 791 superioris
1261 733 1361 775 anni
1381 733 1486 783 actis
1503 731 1785 775 referentibus
1799 766 1810 787 ,

461 815 750 873 cognitionem
771 813 937 856 senatui
958 812 1113 856 detulit
1133 830 1141 855 :
1162 829 1241 855 nec
1260 811 1333 855 illo
1350 812 1626 871 suscipiente,
1648 811 1812 855 triduo-

462 909 544 952 que
575 909 649 952 pcr
684 894 824 935 irritas
853 891 1151 935 altercationes
1182 892 1436 951 absumpto,
1468 892 1511 934 in
1544 891 1810 951 provinciam

461 972 584 1026 abiit;
608 981 650 1014 et
675 973 820 1014 statim
845 981 1029 1031 quaestor
1048 972 1138 1031 ejus
1162 972 1204 1013 in
1226 971 1521 1031 praejudicium
1543 969 1706 1030 aliquot
1727 971 1812 1014 cri—

461 1050 647 1092 minibus
672 1060 867 1109 arreptus
887 1061 963 1094 est.
988 1053 1093 1094 Mox
1114 1060 1156 1094 et
1176 1052 1264 1110 ipse
1287 1066 1313 1093 a
1330 1052 1378 1093 L.
1403 1050 1617 1105 Antistio,
1639 1050 1813 1093 tribuno

461 1127 619 1186 plebis,
644 1128 905 1187 postulatus,
928 1128 1145 1189 appellato
1168 1129 1341 1172 demum
1365 1127 1570 1189 collegio,
1597 1129 1812 1184 obtinuit,

462 1223 596 1266 quum
615 1206 859 1267 reipublicae
877 1224 1001 1251 causa
1018 1209 1204 1264 abesset,
1223 1224 1321 1251 rcus
1338 1224 1391 1250 ne
1411 1208 1544 1251 fieret.
1569 1207 1636 1252 Ad
1657 1207 1816 1251 securi-

461 1296 590 1330 tatem
617 1304 719 1348 ergo
748 1288 906 1347 posteri
935 1289 1166 1347 temporis,
1198 1289 1242 1330 in
1272 1304 1429 1348 magno
1461 1288 1633 1348 negotio
1663 1287 1815 1330 habuit

463 1366 653 1426 obligare
693 1384 862 1427 semper
895 1383 1061 1411 annuos
1092 1368 1393 1428 magistratus,
1429 1377 1470 1410 et
1505 1384 1527 1410 e
1559 1367 1813 1427 petitoribus

464 1463 547 1488 non
567 1445 670 1489 alios
688 1446 910 1506 adjuvare,
930 1457 1004 1490 aut
1022 1447 1075 1490 ad
1094 1447 1300 1490 honorem
1320 1448 1407 1506 pati
1427 1447 1668 1507 pervenire,
1684 1463 1813 1506 quam

465 1525 537 1582 qui
560 1525 639 1567 sibi
663 1526 921 1585 recepissent
941 1536 1290 1586 propugnaturos
1314 1526 1553 1569 absentiam
1574 1542 1719 1581 sua1n3
1743 1542 1815 1569 cu-

460 1604 528 1662 jus
550 1605 661 1665 pacti
694 1622 781 1648 non
809 1605 1020 1651 dubitavit
1040 1623 1063 1649 a
1085 1606 1340 1666 quibusdam
1356 1606 1661 1666 jusjurandum
1686 1615 1815 1665 atque

460 1685 587 1726 ctiam
608 1686 894 1745 syngrapham
917 1686 1097 1746 exigere.

520 1765 681 1807 XXIV.
714 1764 797 1808 Sed
813 1781 947 1824 quum
961 1767 1009 1808 L.
1027 1766 1265 1821 Domitius,
1283 1765 1529 1810 consulatus
1542 1765 1818 1821 candidatus,

460 1840 601 1900 palam
634 1844 892 1898 minaretur,
924 1844 1142 1888 consulem
1164 1863 1206 1889 se
1225 1846 1502 1902 effecturum,
1522 1845 1639 1906 quod
1659 1854 1817 1905 praetor

461 1922 695 1980 nequisset,
725 1922 1115 1984 adempturumque
1141 1926 1179 1968 ei
1207 1927 1436 1979 exercitus;
1464 1927 1669 1969 Crassum
1691 1927 1819 1968 Pomm

458 1999 687 2059 peiumque
705 2034 716 2056 ,
749 2002 791 2044 in
824 2003 975 2046 urbem
1006 2005 1238 2063 provinciae
1268 2021 1352 2048 suae
1381 2007 1546 2048 Lucam
1576 2013 1816 2060 extractos,

456 2078 691 2137 compulit,
713 2090 760 2123 ut
784 2080 1040 2124 detrudendi
1062 2083 1245 2127 Domitii
1265 2099 1392 2126 causa
1415 2082 1689 2126 consulatum
1713 2082 1818 2125 alte-

459 2172 554 2199 rum
592 2168 812 2217 peterent,
850 2169 892 2202 ct
927 2169 973 2202 ut
1008 2162 1049 2203 in
1085 2163 1430 2222 quinquennium
1471 2162 1548 2205 sibi
1587 2162 1818 2222 imperium

457 2246 774 2295 prorogaretur.
806 2238 905 2293 Qua
929 2239 1082 2283 fiducia
1107 2241 1160 2284 ad
1185 2241 1393 2302 legiones,
1421 2257 1526 2301 quas
1549 2257 1572 2284 a
1599 2240 1819 2301 republica

458 2325 702 2374 acceperat,
723 2315 824 2359 alias
853 2319 1020 2376 privato
1043 2330 1217 2380 sumptu
1248 2320 1412 2364 addidit
1434 2337 1442 2363 :
1466 2337 1596 2364 unam
1618 2321 1746 2363 etiam
1766 2336 1819 2363 ex

454 2393 748 2453 Transalpinis
795 2398 1106 2457 conscriptam,
1148 2400 1361 2443 vocabulo
1413 2416 1586 2459 quoque
1635 2399 1816 2460 gallico;

458 2473 649 2517 Alauda
679 2477 793 2518 enim
823 2478 1119 2537 appellabatur
1150 2496 1159 2522 :
1189 2494 1315 2538 quam
1354 2479 1581 2540 disciplina
1613 2479 1818 2539 cultuque

456 2567 635 2595 romano
668 2555 910 2598 institutam
932 2567 973 2599 ct
1003 2568 1223 2613 ornatam,
1251 2569 1397 2618 postea
1431 2561 1673 2603 universam
1712 2559 1816 2602 civi-

462 2639 546 2672 tate
571 2632 759 2676 donavit.
786 2636 875 2679 'Nec
900 2636 1055 2679 deinde
1082 2637 1167 2681 ulla
1192 2638 1292 2682 belli
1316 2641 1565 2695 occasione,
1590 2656 1642 2682 ne
1668 2639 1816 2699 injusti
