1988 3407
207 225 579 238 kammmmfflssmxx
584 224 673 236 §332⁸ss
677 224 704 235 δ”
708 223 768 235 {ss}
772 222 894 235 Μὶιννὶ
898 222 957 234 §ux
962 222 1051 234 Ἆὶἱδὶ
1055 221 1146 233 xum*
1152 218 1590 234 mmmxxxxmmxxm

553 391 1222 461 DOMITIANUS.

779 624 991 633 *-

186 793 219 834 1.
255 751 597 835 DoMiTiANUs
616 799 746 833 natus
767 799 831 832 est
850 804 968 832 nono
990 787 1199 832 kalendas
1223 786 1492 842 novembris,
1514 803 1591 847 pa-

189 882 255 915 tre
283 871 465 916 consule
495 871 724 933 designato
741 906 752 926 ‚
778 871 1036 931 inituroque
1061 886 1211 914 mense
1235 868 1485 929 insequenti
1513 867 1592 911 ho-

188 969 341 996 norem
360 986 372 1008 ,
396 953 579 1014 regione
601 952 723 996 urbis
742 961 883 1008 sexta,
903 950 959 995 ad
979 949 1152 995 Malum
1178 950 1415 1007 Punicum,
1435 948 1590 1004 domo,

187 1050 321 1094 quam
360 1044 513 1095 postea
542 1035 587 1078 in
617 1033 831 1096 templum
865 1034 1008 1095 gentis
1045 1031 1207 1077 Flaviae
1233 1031 1466 1076 convertit.
1494 1032 1587 1075 Pu-

189 1115 372 1159 bertatis
410 1132 461 1161 ac
503 1116 658 1178 primae
695 1114 1000 1159 adolescentiae
1036 1124 1238 1176 tempus,
1275 1122 1401 1158 tanta
1441 1112 1593 1173 inopia

192 1207 403 1258 tantaque
441 1196 621 1241 infamia
651 1198 833 1258 gessisse
862 1196 1016 1246 fertur,
1045 1206 1093 1240 ut
1129 1194 1303 1239 nullum
1331 1204 1591 1257 argenteum

192 1295 266 1322 vas
293 1279 335 1322 in
368 1295 449 1323 usu
484 1279 669 1323 haberet
703 1296 711 1322 :
739 1280 932 1340 satisque
959 1288 1157 1331 constat,
1188 1276 1396 1322 Clodium
1423 1275 1591 1321 Pollio-

190 1377 290 1404 nem
318 1362 575 1422 praetorium
613 1362 783 1415 virum,
818 1361 862 1403 in
904 1376 1037 1420 quem
1077 1370 1141 1403 est
1174 1374 1332 1420 poema
1370 1358 1592 1413 Neronis,

189 1442 310 1502 qnod
350 1443 611 1487 inscribitur
655 1445 844 1495 Luscio,
887 1441 1237 1503 chirographum
1280 1441 1374 1500 ejus
1412 1456 1592 1484 conser-

190 1541 341 1581 uasse,
367 1534 411 1568 et
435 1540 757 1585 nonnunquam
785 1522 1047 1585 protulisse,
1071 1532 1246 1567 noctem
1270 1522 1351 1566 sibi
1377 1520 1594 1584 pollicen-

189 1607 245 1650 tis
273 1624 281 1650 :
311 1623 391 1651 nec
414 1606 672 1664 defuerunt,
709 1607 786 1667 qui
820 1604 1122 1662 affirmarent,
1146 1615 1409 1666 corruptum
1432 1603 1592 1648 Domi-

190 1688 362 1732 tianum
382 1698 426 1732 et
447 1704 471 1732 a
491 1689 663 1744 Nerva,
689 1703 942 1732 successore
964 1703 1068 1731 mox
1089 1703 1183 1731 suo.
1207 1684 1331 1730 Bello
1352 1682 1595 1729 Vitelliano

192 1768 394 1831 confugit
434 1770 479 1813 in
516 1768 789 1830 Capitolium
822 1785 922 1812 cum
956 1777 1117 1830 patruo
1156 1767 1347 1823 Sabino,
1391 1783 1442 1810 ac
1469 1775 1595 1827 parte

191 1850 477 1911 praesentium
507 1851 735 1911 copiarum
766 1867 775 1894 :
809 1848 885 1893 sed
923 1849 1276 1910 irrumpentibus
1302 1847 1593 1904 adversariis,

190 1942 234 1975 et
270 1931 455 1976 ardente
493 1930 686 1993 templo,
728 1930 847 1992 apud
882 1929 1093 1974 aedituum
1136 1929 1246 1974 clam
1275 1930 1553 1991 pernoctavit
1584 1947 1594 1972 z

188 2030 238 2057 ac
258 2030 388 2058 mane
407 2014 536 2059 Isiaci
557 2011 723 2058 celatus
745 2012 922 2069 habitu,
950 2013 1153 2073 interque
1178 2010 1448 2056 sacrificulos
1472 2027 1596 2055 vanae

192 2096 516 2156 superstitionis
535 2130 546 2152 ,
580 2111 718 2156 quum
760 2110 805 2138 se
830 2104 954 2138 trans
984 2093 1182 2137 Tiberim
1218 2092 1274 2138 ad
1302 2091 1594 2154 condiscipuli

192 2178 261 2221 sui
286 2187 472 2221 matrem
501 2178 661 2221 comite
685 2192 775 2220 uno
804 2174 1091 2232 contulisset,
1119 2175 1178 2218 ita
1208 2173 1362 2231 latuit,
1389 2184 1439 2218 ut
1469 2190 1594 2218 scru-

191 2260 419 2315 tantibus,
444 2260 520 2320 qui
549 2260 731 2321 vestigia
766 2259 991 2303 subsecuti
1016 2267 1167 2314 erant,
1194 2255 1465 2319 deprehendi
1505 2272 1594 2300 non

192 2342 401 2403 potuerit.
430 2343 536 2385 Post
562 2342 790 2385 victoriam
821 2340 1000 2385 demum
1040 2356 1326 2401 progressuS‚
1368 2348 1412 2383 et
1448 2339 1596 2382 Caesar

192 2422 522 2479 consalutatus,
555 2423 772 2467 honorem
804 2432 1007 2484 praeturae
1036 2421 1216 2465 urbanae
1239 2436 1340 2464 cum
1370 2417 1594 2464 consulari

193 2515 411 2567 potestate
439 2505 629 2565 suscepit
657 2503 787 2548 titulo
826 2514 952 2548 tenus
985 2521 993 2546 τ
1024 2519 1126 2547 narn
1152 2501 1507 2563 jurisdictionem
1538 2500 1593 2544 ad

193 2586 405 2650 collegam
456 2586 706 2648 proximum
750 2584 992 2630 transtulit.
1042 2587 1250 2630 Ceterum
1290 2599 1470 2627 omnem
1507 2583 1594 2626 vim

192 2668 506 2714 dominationis
532 2678 620 2712 tam
657 2667 840 2712 licenter
865 2667 1085 2724 exercuit,
1113 2675 1162 2710 ut
1180 2666 1272 2728 jam
1305 2675 1398 2709 tum
1417 2699 1427 2719 ‚
1455 2662 1596 2724 qualis
