1971 3342
335 231 380 265 (ὦ)
879 227 918 263 C.
953 227 1195 262 SUETowl

336 315 509 356 tuturus
533 321 666 367 esset,
694 311 957 355 ostenderet.
992 313 1059 356 Ne
1087 327 1301 372 exsequar
1331 309 1530 372 singula,
1555 320 1731 354 contre-

335 394 464 437 ctatis
495 392 736 437 multorum
767 392 1008 449 uxoribus,
1034 392 1278 437 Domitiam
1309 392 1559 451 Longinam
1578 426 1590 447 ,
1619 390 1733 435 AElio

334 476 499 519 Lamiae
524 485 730 535 nuptam,
757 475 886 518 etiam
921 474 965 517 in
991 474 1326 518 matrimonium
1354 472 1536 517 abduxit
1567 489 1575 515 :
1603 482 1735 533 atque

335 572 426 599 uno
462 555 532 600 die
555 572 687 617 super
718 556 873 617 viginti
904 555 1059 599 officia
1091 555 1261 599 urbana
1287 564 1363 598 aut
1402 553 1638 615 peregrina
1665 552 1733 596 di-

334 637 536 691 stribuit3
581 637 774 680 «mirari
820 654 890 692 se,
915 657 935 677 n
969 636 1239 697 Vespasiano
1277 635 1530 691 dictitante,
1566 634 1734 694 «quod

336 734 630 762 successorem
658 735 746 761 non
773 727 812 761 et
840 717 920 760 sibi
948 717 1155 761 mitteret.
1184 736 1204 757 ›>

399 801 456 844 ΙΙ.
487 800 828 861 Expeditionem
859 816 1036 860 quoque
1065 800 1107 843 in
1140 798 1331 843 Galliam
1362 800 1737 859 Germaniasque,

336 898 478 941 neque
520 881 835 936 necessariam,
868 890 910 924 et
940 879 1299 924 dissuadentibus
1330 881 1524 940 paternis
1553 879 1706 923 amicis
1726 914 1737 936 ,

335 961 582 1018 inchoavit,
609 971 781 1005 tantum
811 971 860 1005 ut
885 961 1006 1005 fratri
1035 978 1079 1005 se
1110 971 1151 1005 et
1177 960 1387 1021 operibus
1413 970 1455 1005 et
1480 960 1738 1022 dignatione

333 1041 598 1102 adaequaret.
641 1042 712 1086 Ob
742 1042 833 1086 haec
876 1053 1130 1102 correptus,
1169 1059 1257 1102 quo
1287 1042 1425 1102 magis
1455 1051 1496 1085 et
1523 1042 1661 1086 aetatis
1696 1051 1738 1084 et

333 1122 601 1166 conditionis
625 1122 954 1179 admoneretur,
983 1123 1209 1166 habitabat
1237 1140 1336 1166 cum
1366 1131 1492 1183 patre
1519 1138 1628 1179 una,
1655 1121 1738 1165 sel·

334 1202 510 1264 lamque
541 1205 633 1265 ejus
658 1221 707 1248 ac
733 1204 905 1260 fratris,
929 1205 1101 1265 quoties
1126 1203 1381 1265 prodirent,
1411 1202 1566 1247 lectica
1590 1219 1741 1263 seque-

336 1285 468 1328 batur
490 1302 498 1329 :
521 1302 570 1329 ac
594 1285 868 1346 triumphum
895 1286 1126 1346 utriusque
1145 1284 1372 1345 judaicum
1399 1300 1513 1345 equo
1538 1282 1640 1328 albo
1663 1300 1736 1328 co-

335 1366 515 1410 mitatus
535 1376 611 1410 est.
628 1368 679 1410 In
693 1384 765 1410 sex
778 1365 1079 1410 consulatibus
1099 1384 1184 1409 non
1205 1367 1284 1410 nisi
1300 1383 1436 1409 unum
1458 1365 1734 1410 ordinarium

338 1448 498 1507 gessit,
525 1464 714 1508 eumque
741 1446 922 1491 cedente
951 1458 993 1491 et
1022 1447 1291 1509 suffragante
1323 1447 1471 1490 fratre.
1504 1445 1736 1491 Simulavit

335 1538 377 1571 et
405 1529 497 1589 ipse
525 1530 634 1572 mire
662 1529 953 1580 modestian1;
982 1529 1275 1590 inprimisque
1305 1529 1486 1589 poeticae
1513 1526 1735 1582 studium,

334 1619 421 1653 tam
448 1610 668 1654 insuetum
696 1621 824 1654 antea
855 1610 963 1666 sibi,
988 1627 1119 1670 quam
1149 1619 1298 1670 postea
1325 1618 1522 1670 spretum
1547 1618 1590 1652 et
1616 1608 1735 1668 abje-

333 1700 454 1733 ctum
483 1708 491 1733 :
518 1692 808 1752 recitavitque
836 1692 965 1734 etiam
992 1688 1179 1752 publice.
1207 1691 1300 1733 Nec
1324 1700 1470 1732 tamen
1496 1705 1547 1732 eo
1571 1690 1736 1744 secius,

337 1789 474 1832 quum
508 1771 759 1834 Vologesus
794 1772 1062 1817 Parthorum
1091 1788 1165 1815 rex
1191 1769 1351 1814 auxilia
1391 1770 1602 1813 adversus
1639 1769 1738 1814 Ata-

335 1870 436 1909 nOS,
467 1853 715 1914 ducemque
750 1852 937 1897 alterum
966 1870 1017 1896 ex
1055 1853 1309 1913 Vespasiani
1342 1850 1509 1907 liberis,
1538 1850 1737 1912 depopo-

332 1934 510 1990 scisset,
536 1935 657 1977 omni
687 1951 769 1996 ope
797 1933 1054 1990 contendit,
1082 1943 1131 1977 ut
1161 1935 1251 1994 ipse
1279 1933 1560 1994 potissimum
1586 1932 1735 1975 mitte-

331 2025 465 2060 retur.
497 2018 552 2060 Et
580 2016 682 2076 quia
713 2015 907 2059 discussa
932 2032 1000 2059 res
1031 2024 1122 2070 est,
1152 2013 1260 2057 alios
1284 2013 1481 2057 Orientis
1512 2029 1659 2074 reges,
1688 2021 1737 2056 ut

331 2096 447 2140 idem
481 2096 779 2157 postularent,
817 2095 943 2140 donis
974 2113 1022 2139 ac
1063 2093 1461 2156 pollicitationibus
1499 2092 1735 2137 sollicitare

333 2179 533 2222 tentavit.
561 2180 693 2222 Patre
719 2177 952 2233 defuncto,
979 2177 1053 2220 diu
1079 2185 1311 2220 cunctatus
1328 2210 1339 2232 ,
1362 2192 1417 2219 an
1443 2173 1629 2236 duplum
1653 2174 1731 2218 do-

330 2261 529 2303 nativum
553 2258 682 2303 militi
703 2258 905 2315 offerret,
927 2274 1154 2320 nunquam
1174 2259 1338 2319 jactare
1359 2256 1600 2311 dubitavit,
1624 2275 1644 2296 «
1662 2271 1732 2299 re-

329 2339 483 2384 lictum
511 2357 554 2384 se
592 2341 851 2401 participem
891 2341 1092 2402 imperii,
1118 2338 1194 2383 sed
1229 2337 1428 2383 fraudem
1466 2346 1731 2382 testamento

328 2421 628 2466 adhibitam.»
661 2422 817 2482 Neque
854 2422 1040 2466 cessavit
1074 2438 1125 2466 ex
1164 2438 1215 2465 eo
1242 2419 1421 2464 insidias
1451 2428 1620 2462 struere
1645 2416 1731 2460 fra-

330 2503 384 2544 tri
411 2501 522 2546 clam
552 2501 787 2563 palamque
809 2520 818 2546 ε
843 2502 990 2564 quoad
1017 2512 1270 2563 correptum
1299 2500 1422 2562 gravi
1450 2497 1726 2551 valetudine,

329 2583 450 2641 prius
484 2600 618 2644 quam
644 2583 773 2645 plane
806 2583 976 2627 efflaret
1011 2583 1232 2639 animam,
1265 2598 1344 2643 pro
1380 2590 1558 2625 mortuo
1588 2578 1726 2622 deseri

326 2662 452 2721 jussit
479 2680 487 2705 ε
517 2663 864 2725 defunctumque
904 2662 1026 2706 nullo
1056 2673 1347 2724 praeterquam
1378 2660 1726 2704 consecrationis
