1971 3342
395 266 463 313 198
1009 267 1160 303 NOTAE

447 345 673 382 Belluarum.
696 347 840 392 Nempe
860 344 1088 381 marinarum
1103 374 1113 391 ‚
1139 359 1204 381 seu
1224 346 1463 382 balaenarum.

444 405 532 441 (ΠΛΡ.
559 407 738 443 LXXIII.
772 407 1048 443 Instrumentc'...
1069 408 1325 456 supellectilctv.
1346 429 1397 434 ”—
1419 409 1712 445 lustramentum
1742 416 1777 445 et

388 468 655 514 supellectilem
687 467 897 517 distingue3
928 467 1023 504 illud
1050 468 1098 504 ad
1117 469 1391 515 necessitatem,
1421 470 1498 505 haec
1529 469 1576 505 ad
1600 478 1776 507 ornatum

388 528 563 576 pertinet.
584 529 679 565 Inde
700 531 866 575 Colum.‚
886 531 934 565 de
953 531 1007 564 Re
1025 539 1113 566 rust.
1128 558 1136 574 ,
1164 544 1247 576 ΧΠ,
1268 531 1287 567 3
1321 544 1329 566 ι
1359 547 1372 562 «
1394 532 1614 578 Praeparatis
1633 531 1779 578 idoneis

389 589 481 627 locis
500 590 790 627 instrumentum
812 599 847 626 et
868 592 1136 639 supellectilem
1161 592 1388 629 distribuere
1410 593 1603 641 coepimus.
1624 612 1638 626 »

448 653 566 689 Veste.
598 653 659 689 Sic
689 654 803 689 verba
833 666 978 701 ponere
1004 655 1137 691 suadet
1164 656 1386 691 Torrentius
1418 669 1529 704 quem
1568 664 1780 705 sequuntur

389 713 523 763 optimi
550 714 774 762 interpretes
804 729 812 750 ε
843 718 989 752 «Veste
1014 729 1093 752 non
1122 723 1262 754 temere
1291 718 1361 754 alia
1387 717 1591 755 domestica
1610 731 1700 755 usus
1727 727 1782 755 est

390 788 506 824 quam
531 776 578 811 ab
598 789 740 823 uxore,
770 784 838 812 etc.
866 794 880 807 »

445 839 636 874 Forensz'a.
660 839 745 874 Scil.
767 838 987 875 vestimenta
1008 851 1092 887 quae
1114 839 1268 875 fuerunt
1292 848 1379 888 toga
1393 867 1402 882 ‚
1420 842 1593 884 lacerna,
1608 843 1780 889 poenzcla.

390 900 553 945 Nonius,
573 913 609 945 1,
636 901 657 937 3
679 914 687 935 z
712 917 725 931 «
747 902 874 948 Toga,
899 899 996 937 sicut
1017 901 1057 936 in
1083 902 1358 938 consuetudine
1385 902 1558 948 habetur,
1578 903 1782 939 vestimen-

391 969 473 998 tum
494 970 548 999 est
572 975 651 1011 quo
671 963 709 998 in
729 963 814 998 foro
834 963 987 999 utimur.
1010 980 1024 994 >1

446 1024 611 1060 Calceos.
643 1023 766 1060 Calcei
791 1031 914 1060 totum
941 1025 1078 1072 pedem
1103 1032 1139 1061 et
1169 1024 1297 1061 infime
1331 1032 1370 1061 et
1399 1037 1561 1073 superne
1589 1026 1783 1074 tegebant,

389 1098 509 1134 eaque
535 1086 682 1122 ratione
708 1086 1038 1135 distinguebantur
1056 1101 1077 1123 a
1102 1087 1237 1133 soleis,
1265 1100 1349 1136 quae
1373 1088 1541 1135 plantam
1560 1087 1667 1135 pedis
1694 1094 1781 1122 tan-

390 1153 470 1183 tum
494 1148 720 1193 vestiebant,
742 1149 938 1196 superiore
958 1156 1066 1197 parte
1080 1149 1194 1185 nuda.
1219 1149 1373 1185 Calceos
1387 1162 1467 1186 non
1488 1150 1686 1186 sumebant
1699 1151 1783 1185 Ro-

389 1210 508 1256 mani,
526 1210 596 1246 nisi
616 1223 735 1258 quum
758 1210 859 1246 foras
878 1210 987 1246 irent.

444 1274 532 1310 Cn.
568 1274 748 1310 LXXIV.
781 1275 908 1309 Recta.
941 1274 1076 1321 Suppl.
1108 1285 1214 1310 coena
1245 1287 1254 1309 ε
1293 1280 1348 1309 est
1380 1286 1472 1310 vero
1511 1281 1612 1309 recta
1644 1285 1751 1308 coena
1771 1300 1781 1316 ‚

389 1336 511 1379 lauta,
537 1335 713 1371 omnibus
731 1335 855 1372 modis
875 1334 1067 1372 instructa.
1090 1337 1227 1382 Mart,
1256 1349 1336 1381 vu,
1362 1348 1405 1381 17
1419 1363 1429 1381 ,
1452 1347 1474 1370 2
1496 1349 1505 1371 :

533 1459 662 1490 Rectam
683 1464 809 1490 vocatus
829 1468 926 1501 quum
946 1457 1081 1490 recurrit
1099 1458 1139 1490 ad
1158 1468 1290 1490 coenam.

450 1575 622 1610 Valerius
643 1575 829 1610 Messala.
851 1575 1064 1623 Intelligere
1083 1575 1185 1619 licet,
1200 1575 1239 1610 in
1259 1574 1358 1610 libro
1379 1586 1494 1622 quem
1512 1586 1624 1610 senex
1646 1574 1694 1610 de
1715 1586 1783 1610 ro-

391 1636 510 1672 manis
532 1636 680 1672 familiis
699 1634 865 1683 scripsit,
896 1642 988 1673 teste
1006 1636 1098 1672 Plin.
1112 1663 1122 1682 ,
1152 1638 1197 1672 H.
1224 1637 1272 1671 N.
1286 1664 1296 1680 ‚
1322 1648 1423 1672 xxxv
1436 1664 1445 1681 ,
1467 1648 1488 1671 2
1503 1664 1512 1681 ,
1534 1642 1571 1670 et
1589 1637 1718 1680 Voss.‚
1737 1637 1785 1669 de

392 1698 487 1733 Hlst.
510 1700 598 1741 lat„
622 1710 677 1742 11,
706 1696 762 1733 18.

445 1761 575 1794 fllena.
596 1762 653 1796 De
677 1771 755 1806 quo
775 1759 930 1805 Horat.‚
949 1760 1075 1807 Epod.
1089 1786 1100 1803 ,
1125 1773 1186 1805 lv,
1211 1767 1248 1795 et
1270 1761 1416 1808 Epist„
1448 1773 1460 1794 1
1474 1787 1484 1805 ‚
1514 1771 1549 1804 7,
1577 1758 1638 1794 61.

449 1821 631 1856 Classem.
651 1821 746 1865 Dio,
768 1833 912 1866 XLVIII,
932 1832 969 1868 p.
995 1820 1069 1864 384
1093 1834 1100 1856 ε
1124 1828 1188 1863 Τήν
1212 1841 1247 1860 τε
1259 1832 1353 1865 νῆσον
1376 1828 1463 1872 αὐτῷ
1483 1825 1538 1860 καὶ
1560 1826 1596 1859 τὸ
1615 1826 1777 1863 ναυτικὸν,

391 1889 429 1922 τό
451 1902 487 1922 τε
507 1889 584 1922 ἄλλο
605 1889 814 1934 στράτευμα,
833 1886 889 1920 καὶ
914 1889 1026 1921 ἑαυτὸν
1046 1885 1238 1934 παρέδωκε.

446 1946 677 1993 Speculator.
702 1945 748 1980 H.
769 1957 801 1980 e.
822 1943 978 1980 satelles.

446 2007 685 2043 provocabat.
706 2008 829 2050 Quem
849 2005 1014 2041 imitatus
1039 2011 1095 2041 est
1112 2006 1308 2052 Trajanus.
1337 2005 1453 2053 Plin„
1474 2007 1619 2053 Paneg.
1632 2032 1643 2048 ‚
1669 2017 1785 2049 xmx,

394 2069 416 2106 5
437 2081 446 2105 ε
467 2084 481 2099 (ε
499 2070 583 2104 Non
604 2068 673 2104 tibi
698 2079 846 2115 semper
867 2067 906 2103 in
924 2066 1052 2103 medio
1080 2066 1187 2103 cibus
1202 2096 1211 2112 ‚
1232 2080 1455 2116 semperque
1473 2079 1599 2103 mensa
1613 2078 1785 2102 commu-

392 2132 472 2170 nis?
498 2144 577 2166 non
605 2143 652 2166 ex
672 2130 849 2166 convictu
868 2136 1001 2166 nostro
1020 2136 1152 2166 mutua
1172 2129 1373 2178 voluptas?
1398 2142 1477 2175 non
1497 2141 1685 2178 provocas
1698 2128 1782 2164 red-

394 2193 529 2243 djsque
553 2192 767 2229 sermones?
788 2209 803 2225 »

450 2259 691 2292 Acroamaca.
718 2254 846 2304 Vulgo
871 2253 1056 2304 significat
1084 2267 1204 2301 quum
1226 2254 1376 2290 festivas
1395 2251 1635 2290 recitationes
1660 2259 1696 2288 et
1725 2253 1787 2286 lu&

394 2318 535 2363 dieras,
561 2324 640 2353 tum
662 2316 744 2352 illos
763 2329 785 2352 a
804 2316 945 2364 quibus
965 2315 1237 2363 recitabantur,
1262 2324 1299 2352 et
1320 2329 1418 2365 quos
1437 2314 1671 2351 adhibebant
1691 2326 1786 2349 con-

392 2380 521 2426 viviis,
542 2386 636 2415 teste
654 2378 768 2424 Plin.‚
790 2380 915 2426 Epist.
939 2391 1002 2424 Vl,
1029 2379 1074 2414 31
1100 2391 1108 2413 :
1128 2378 1443 2415 «Adhibebamur
1455 2376 1628 2426 quotidie
1651 2387 1787 2414 coenae,:

393 2448 473 2477 erat
494 2440 667 2486 modica,
691 2439 723 2476 si
746 2439 960 2488 principem
980 2438 1141 2488 cogite53
1161 2438 1354 2475 interdum
1384 2445 1582 2490 ἀκροάματα
1605 2436 1788 2472 audieba—

394 2516 497 2549 mus,
535 2502 728 2539 interdum
768 2500 1050 2549 jucundissimis
1086 2502 1326 2538 sermonibus
1354 2513 1432 2537 nox
1471 2499 1694 2536 ducebatur.
1734 2496 1780 2532 Cf

397 2566 490 2602 Nep,
504 2591 515 2609 ‚
548 2577 643 2610 XXV,
683 2567 740 2606 14.
776 2564 823 2599 Π.
859 2564 883 2599 l.
916 2562 1185 2612 intelligendos
1214 2563 1376 2599 maxime
1412 2561 1575 2599 musicos
1601 2565 1710 2608 putat
1735 2559 1786 2593 Cl.

399 2626 523 2670 Hasce,
554 2639 599 2662 cx
619 2625 810 2671 Macrob.‚
838 2638 890 2672 11,
911 2630 931 2669 4
961 2639 968 2659 :
999 2643 1012 2655 «
1038 2627 1254 2662 Delectatus
1282 2624 1380 2660 inter
1404 2635 1547 2660 coenam
1580 2626 1658 2657 erat
1685 2633 1786 2668 sym-

397 2686 592 2734 phoniacis
611 2687 766 2723 Toranii
794 2686 914 2723 Flacci
936 2687 1147 2736 MangoniS.
1171 2703 1188 2718 n
