1971 3342
397 262 410 284 1
421 249 466 291 34
931 249 970 282 C.
1002 247 1232 282 SUETONII

392 332 626 386 Libonem,
657 348 710 375 ne
740 331 846 392 quid
871 331 914 373 in
940 330 1133 374 novitate
1158 328 1352 373 acerbius
1385 327 1507 372 fieret
1524 362 1536 384 ,
1569 327 1758 372 secundo

394 410 569 455 demum
596 427 710 454 anno
738 411 782 454 in
805 420 956 454 senatu
981 410 1202 470 coarguit,
1230 407 1372 452 medio
1392 407 1599 468 temporis
1620 408 1759 467 spatio

395 501 562 534 tantum
587 507 738 535 cavere
759 497 1004 534 contentus.
1027 490 1141 532 Nam
1167 498 1210 531 et
1235 489 1348 531 inter
1378 486 1605 549 pontifices
1630 486 1761 530 sacri-

396 572 541 616 ficanti
562 571 688 616 simul
716 589 795 632 pro
821 570 1029 630 secespita
1050 568 1302 630 plumbeum
1323 566 1512 612 cultrum
1536 567 1764 627 subjicien-

396 651 500 696 dum
531 652 701 696 curavit
732 667 741 693 ε
773 660 815 693 et
853 659 1066 693 secretum
1106 649 1299 709 petenti,
1338 664 1426 691 non
1459 647 1540 690 nisi
1566 645 1762 690 adhibito

396 734 541 775 Druso
564 730 679 787 filio,
703 729 821 774 dedit
843 747 852 773 z
873 729 1156 788 dextramque
1181 726 1522 783 obambulantis,
1543 724 1679 770 veluti
1698 725 1765 768 in-

398 812 626 867 cumbens,
651 810 796 871 quoad
825 818 1105 870 perageretur
1129 825 1293 862 sermo,
1321 807 1549 851 continuit.

460 894 621 935 XXVI.
647 894 810 935 Verum
840 889 1046 933 liberatus
1071 897 1214 944 metu,
1244 886 1412 931 civilem
1438 886 1673 931 admodum
1700 886 1766 929 in-

400 981 463 1014 ter
491 971 640 1027 initia,
670 988 719 1014 ac
744 969 873 1030 paulo
898 970 1041 1012 minus
1064 985 1195 1028 quam
1218 968 1435 1028 privatum
1460 967 1560 1027 egit.
1584 968 1648 1010 Ex
1670 964 1766 1026 plu-

400 1051 518 1093 rimis
543 1051 826 1109 maximisque
854 1048 1118 1103 honoribus,
1147 1057 1302 1107 praeter
1325 1063 1485 1106 paucos
1506 1055 1548 1088 et
1571 1044 1765 1088 modicos

401 1145 487 1172 non
523 1129 698 1189 recepit.
732 1127 932 1171 Natalem
963 1145 1114 1180 suum,
1147 1125 1325 1186 plebeiis
1350 1126 1645 1168 incurrentem
1671 1124 1767 1168 Cir-

402 1208 600 1251 censibus
615 1243 626 1264 ,
648 1208 719 1250 vix
743 1209 870 1251 unius
893 1208 1001 1267 bigae
1025 1206 1266 1267 adjectione
1289 1205 1494 1248 honorari
1520 1220 1669 1264 passus
1689 1212 1765 1247 est.

400 1286 603 1350 Templa,
639 1287 861 1346 flamines,
891 1286 1134 1333 sacerdotes
1178 1285 1351 1329 decerni
1388 1284 1467 1328 sibi
1504 1284 1727 1345 prohibuit
1756 1300 1765 1326 :

402 1370 531 1412 etiam
554 1378 714 1412 statuas
737 1379 866 1429 atque
891 1370 1118 1430 imagines,
1146 1366 1225 1409 nisi
1246 1366 1524 1426 permittente
1543 1380 1605 1419 se,
1630 1365 1734 1425 poni
1757 1381 1766 1406 :

404 1449 683 1508 permisitque
703 1467 752 1492 ea
776 1448 865 1492 sola
889 1448 1161 1506 conditione,
1189 1464 1242 1492 ne
1267 1447 1380 1491 inter
1404 1444 1632 1488 simulacra
1656 1447 1770 1489 Deo-

404 1545 501 1571 rum
518 1564 529 1583 ,
552 1529 624 1572 sed
650 1530 760 1572 iuter
782 1539 1041 1573 ornamenta
1061 1530 1239 1586 aedium,
1263 1535 1542 1589 ponerentur.
1566 1527 1770 1568 Interces-

405 1608 458 1650 sit
494 1617 553 1664 et,
587 1625 673 1668 quo
709 1611 850 1652 minus
888 1610 930 1652 in
967 1620 1059 1653 acta
1091 1626 1165 1653 sua
1193 1610 1435 1669 juraretur,
1464 1617 1505 1651 et
1533 1625 1586 1650 ne
1610 1605 1769 1650 mensis

405 1688 665 1746 september,
684 1690 904 1744 Tiberius;
923 1690 1115 1744 october,
1137 1690 1288 1732 Livius
1312 1696 1581 1732 vocarentur.
1598 1689 1771 1730 Praeno-

406 1784 501 1810 men
522 1784 694 1827 quoque
714 1785 1041 1826 IMPERATORIS,
1056 1786 1385 1831 cognomenque
1404 1784 1562 1813 PATRIS
1575 1783 1769 1823 PATRIAE,

406 1856 446 1889 et
474 1848 654 1891 civicam
690 1850 732 1891 in
772 1849 980 1894 vestibulo
1010 1867 1216 1894 coronam
1244 1851 1472 1894 recusavit.
1507 1851 1568 1894 Ac
1601 1866 1654 1892 ne
1686 1864 1770 1893 AU-

406 1942 532 1970 GUsTi
564 1928 739 1987 quidem
772 1946 951 1987 nomen,
983 1947 1247 1990 quamquam
1281 1929 1617 1984 hereditarium,
1644 1926 1768 1982 ullis,

406 2006 485 2050 nisi
513 2007 566 2050 ad
592 2025 711 2069 reges
738 2026 787 2052 ac
815 2009 1033 2070 dynastas,
1057 2009 1247 2070 epistolis
1272 2008 1451 2052 addidit.
1474 2009 1563 2053 Nec
1586 2006 1770 2068 amplius

406 2102 536 2144 quam
565 2104 665 2130 mox
699 2098 784 2131 tres
817 2087 1093 2145 consulatus,
1122 2106 1256 2132 unum
1287 2089 1436 2149 paucis
1465 2087 1634 2144 diebus,
1663 2086 1770 2131 alte-

407 2181 504 2207 rum
525 2166 662 2209 tribus
678 2167 914 2225 mensibus,
938 2170 1115 2212 tertium
1135 2169 1286 2212 absens
1301 2184 1438 2228 usque
1456 2169 1500 2211 in
1521 2167 1616 2211 idus
1637 2168 1770 2211 maias

406 2245 548 2303 gessit.

468 2326 653 2368 XXVII.
683 2326 965 2371 Adulationes
991 2328 1097 2372 adeo
1122 2338 1342 2372 aversatus
1368 2338 1452 2385 est,
1479 2338 1527 2373 ut
1551 2329 1768 2373 neminem

406 2413 653 2447 senatorum
669 2441 679 2460 ,
719 2417 793 2450 aut
833 2407 963 2451 officii
1002 2418 1075 2452 aut
1115 2410 1274 2468 negotii
1315 2426 1465 2463 causa,
1495 2409 1548 2452 ad
1576 2409 1768 2453 lecticam

406 2499 526 2526 suam
550 2484 792 2540 admise1·it;
816 2488 1084 2531 consularem
1110 2505 1210 2530 vcro
1236 2489 1565 2533 satisfacientem
1592 2489 1670 2532 sibi
1686 2523 1697 2544 ,
1721 2505 1769 2532 ac

405 2579 481 2621 per
515 2581 653 2624 genua
691 2583 817 2611 orare
841 2578 1095 2623 conantem,
1134 2569 1191 2611 ita
1228 2569 1478 2629 suffugerit,
1515 2579 1563 2612 ut
1599 2569 1769 2613 caderet

404 2644 581 2702 supinus
610 2663 617 2687 :
645 2655 774 2706 atque
799 2649 954 2701 etiam,
981 2649 1013 2690 si
1040 2649 1145 2708 quid
1171 2651 1213 2692 in
1239 2666 1460 2703 sermone,
1489 2648 1555 2692 vel
1589 2650 1630 2693 in
1666 2666 1769 2693 con-
