1971 3342
463 250 533 273 202
991 240 1027 274 C.
1057 241 1283 275 SUETONII

461 322 660 381 deinceps
696 331 805 365 stato
840 321 909 364 die
952 324 1182 380 quotannis
1205 322 1323 365 miles
1352 322 1616 379 decurreret,
1643 322 1803 367 Gallia-

462 417 645 459 rumque
662 401 853 444 civitates
872 399 1043 460 publice
1063 400 1364 461 supplicarent.
1387 403 1597 444 Praeterea
1613 411 1805 456 senatus,

462 481 571 523 inter
589 478 671 523 alia
694 478 938 540 complura,
956 495 1244 524 marmoreum
1266 497 1412 524 arcum
1431 496 1529 524 cum
1546 481 1716 540 tropaeis
1737 481 1805 523 via

465 560 602 619 Appia
625 558 830 615 decrevit,
856 569 899 603 et
919 560 1165 603 Germanici
1183 576 1421 620 cognomen
1443 560 1521 619 ipsi
1540 559 1805 619 posterisque

464 638 566 698 ejus.
596 639 740 681 Fuisse
774 646 918 682 autem
954 638 1144 681 creditur
1183 655 1268 682 non
1294 639 1435 681 minus
1456 638 1654 699 gloriosi,
1677 653 1805 697 quam

462 716 598 759 civilis
620 717 765 760 animi.
789 718 902 761 Nam
922 733 972 760 ex
987 718 1109 760 hoste
1129 733 1258 777 super
1284 718 1484 761 victorias
1517 717 1661 777 opima
1697 733 1806 776 quo-

461 811 544 855 que
569 794 703 855 spolia
729 806 939 856 captasse,
957 812 1211 856 summoque
1239 798 1389 856 saepius
1412 795 1657 840 discrimine
1681 795 1810 839 duces

461 876 780 918 Germanorum
823 885 913 918 tota
953 877 1041 919 acie
1079 876 1309 919 insectatus
1349 893 1358 919 :
1396 892 1474 919 nec
1522 873 1810 919 dissimulasse

461 969 670 1012 unquam,
706 955 935 1014 pristinum
971 972 1014 998 se
1052 954 1297 1015 reipublicae
1333 964 1509 1011 statum,
1546 953 1808 1014 quandoque

461 1043 623 1092 posset,
649 1035 964 1077 restituturum.
991 1034 1119 1078 Unde
1145 1036 1362 1090 existimo,
1385 1033 1617 1077 nonnullos
1641 1033 1809 1076 tradere

460 1128 608 1168 ausos,
635 1123 882 1173 suspectum
909 1130 1007 1156 eum
1034 1116 1247 1173 Augusto,
1270 1123 1607 1172 revocatumque
1632 1129 1681 1156 ex
1708 1129 1808 1172 pro·

451 1191 621 1245 vincia,
642 1202 709 1248 et,
730 1194 830 1251 quia
854 1203 1149 1247 cunctaretur,
1172 1194 1456 1253 interceptum
1478 1208 1659 1235 veneno.
1679 1192 1809 1249 Quod

461 1270 659 1329 equidem
688 1272 842 1331 magis,
871 1288 924 1315 ne
953 1272 1344 1332 praetermitterem,
1376 1271 1525 1327 retuli,
1553 1288 1679 1331 quam
1707 1273 1808 1330 quia

460 1366 608 1392 verum
632 1360 705 1393 aut
732 1350 958 1393 verisimile
982 1361 1152 1411 putem3
1177 1367 1312 1410 quum
1338 1352 1554 1410 Augustus
1586 1360 1809 1410 tantopere

459 1438 499 1471 et
525 1430 670 1472 vivum
691 1429 907 1484 dilexerit,
923 1439 969 1473 ut
990 1430 1240 1473 coheredem
1261 1447 1428 1490 semper
1445 1429 1541 1473 filiis
1562 1431 1810 1485 instituerit,

460 1509 569 1551 sicut
605 1508 823 1567 quondam
857 1510 899 1551 in
938 1519 1089 1552 senatu
1128 1509 1342 1569 professus
1381 1519 1465 1564 est,
1489 1518 1532 1552 et
1559 1508 1809 1552 defunctum

461 1588 517 1630 ita
536 1604 614 1646 pro
637 1589 844 1632 concione
867 1588 1120 1645 laudaverit,
1137 1598 1180 1632 ut
1198 1588 1298 1632 deos
1314 1598 1512 1648 precatus
1530 1589 1597 1641 sit,
1617 1587 1809 1631 «similes

460 1668 495 1709 ei
517 1669 706 1711 Caesares
726 1685 823 1712 suos
843 1669 1052 1725 facerent,
1073 1670 1236 1728 sibique
1259 1679 1343 1711 tam
1364 1669 1595 1711 honestum
1619 1667 1814 1727 quando-

460 1763 543 1805 que
563 1748 723 1790 exitum
753 1747 925 1804 darent,
948 1765 1076 1808 quam
1097 1748 1156 1791 illi
1186 1747 1451 1791 dedissent.»
1476 1749 1570 1791 Nec
1583 1757 1810 1790 contentus

459 1824 642 1885 elogium
684 1826 849 1870 tumulo
886 1828 977 1887 ejus
1004 1829 1196 1871 versibus
1228 1844 1253 1871 a
1282 1843 1325 1870 se
1360 1827 1608 1886 compositis
1646 1825 1813 1870 exscul-

460 1906 611 1964 psisse,
643 1906 772 1949 etiam
799 1907 896 1950 vitae
922 1907 1171 1950 memoriam
1196 1923 1323 1966 prosa
1340 1907 1534 1949 oratione
1553 1906 1808 1965 composuit.

461 1987 521 2027 Ex
560 1987 749 2029 Antonia
790 1987 956 2030 minore
994 1985 1235 2046 complures
1279 1985 1452 2044 quidem
1489 1984 1644 2028 liberos
1682 1984 1813 2039 tulit3

460 2081 609 2108 verum
652 2076 737 2109 tres
774 2067 952 2110 omnino
985 2065 1179 2125 reliquit,
1214 2065 1543 2121 Germanicum,
1583 2063 1782 2107 Livillam
1803 2099 1813 2118 ‚

458 2142 713 2193 Claudium„

522 2225 576 2266 ΙΙ.
614 2223 820 2268 Claudius
845 2235 970 2268 natus
994 2236 1080 2281 est,
1105 2224 1199 2268 Iulo
1223 2225 1432 2279 Antonio,
1460 2224 1591 2266 Fabio
1611 2223 1813 2267 Africano

458 2301 728 2359 consulibus,
765 2304 956 2348 kalendis
992 2305 1205 2365 augustis,
1242 2303 1470 2364 Lugduni,
1510 2319 1560 2346 eo
1596 2303 1688 2363 ipso
1719 2302 1812 2357 die,

458 2400 544 2442 quo
560 2384 747 2443 primum
773 2401 845 2427 ara
861 2384 919 2427 ibi
939 2387 1134 2445 Augusto
1157 2383 1353 2427 dedicata
1381 2392 1464 2439 est,
1487 2382 1811 2443 appellatusque

458 2463 653 2506 Tiberius
672 2463 880 2509 Claudius
901 2466 1084 2507 Drusus.
1106 2465 1231 2517 Mox,
1257 2463 1387 2506 fratre
1414 2463 1574 2523 majore
1595 2463 1637 2505 in
1654 2461 1808 2506 Juliam

460 2542 663 2586 fan‘iiliam
691 2544 918 2603 adoptato,
944 2544 1191 2588 Germanici
1228 2559 1468 2604 cognomen
1498 2542 1710 2586 assumsit.
1740 2543 1810 2583 In—

462 2622 552 2665 fans
579 2634 720 2667 autem
756 2624 926 2667 relictus
962 2642 982 2666 a
1011 2633 1150 2683 patre,
1186 2640 1232 2666 ac
1261 2639 1482 2683 peremne
1506 2622 1591 2665 scre
1617 2621 1809 2680 pueritiae
