1971 3342
419 261 463 284 20
474 261 491 283 ι
1044 246 1194 282 NOTAE

470 325 811 373 Epigrammatum.
834 322 1006 360 Meminit
1024 323 1165 359 Plinius
1184 322 1507 372 Epigrammatum
1521 334 1676 358 suorum
1688 322 1797 358 lasci-

419 387 512 422 viam
533 393 798 431 excusaturus,
826 387 947 434 Epist.
966 398 1007 430 v,
1031 385 1065 420 3.

471 449 697 484 Incubuisse.
724 448 828 484 Idem
854 455 982 482 narrat
1007 447 1196 492 Macrob.‚
1225 459 1260 491 1,
1287 452 1320 489 4.

468 510 554 546 Car.
579 511 794 546 LXXXVI.
830 509 1045 544 Foetoribus.
1080 508 1178 553 Quia
1202 508 1311 545 nimis
1343 510 1512 546 abstrusa
1540 508 1655 544 verba
1688 508 1799 543 situm

415 584 563 619 sapere,
582 578 618 607 et
638 573 688 607 ob
709 572 748 607 id
767 572 932 619 graviter
952 572 1056 607 olere
1082 570 1269 607 videntur.

470 633 680 668 Cacozelm.
709 633 866 678 Quintil.
880 660 890 677 ,
911 645 1011 678 v111,
1035 633 1056 668 3
1081 645 1089 667 ε
1111 649 1125 664 (ι
1151 640 1337 678 Koezzszfflw
1353 641 1512 668 vocatur
1530 631 1721 680 quidquid
1745 638 1799 667 est

413 696 511 730 ultra
537 694 734 740 virtutem,
759 694 907 742 quoties
936 693 1127 742 ingenium
1156 694 1301 740 judicio
1330 701 1452 741 caret,
1479 702 1515 730 et
1545 694 1668 742 specie
1707 693 1799 728 boni

414 756 554 792 fallitur
575 770 582 791 :
605 756 773 791 omnium
792 756 828 790 in
849 756 1066 803 eloquentia
1086 756 1267 791 vitiorum
1292 757 1503 804 pessimum.
1529 772 1544 787 »

469 819 721 866 Antz'quarios.
749 817 825 862 Qui
856 818 1002 865 priscus
1030 823 1066 852 et
1096 817 1172 864 jam
1203 817 1268 853 diu
1297 819 1484 855 obsoletas
1513 830 1624 854 voces
1655 815 1800 852 curiose

414 887 688 915 consectantur.
711 880 899 925 Juvenal.,
919 891 980 924 w,
1003 878 1075 922 454
1101 893 1107 913 ι

554 987 743 1027 Ignotosque
762 985 841 1016 mihi
857 991 945 1016 tenet
959 984 1137 1027 antiquaria
1158 994 1274 1017 versus.

414 1084 468 1120 Cf.
490 1085 627 1128 Genu,
648 1096 682 1128 1,
709 1095 764 1119 10.

468 1146 729 1179 Moec22naeem.
749 1146 808 1180 De
827 1157 904 1193 quo
930 1145 1080 1190 Senem,
1102 1146 1224 1192 Epist.
1248 1156 1338 1180 cx1v
1360 1159 1367 1180 z
1396 1162 1410 1177 «
1434 1144 1563 1193 Magni
1581 1143 1723 1192 ingenii
1744 1144 1802 1179 vir

413 1207 555 1251 fuerat,
575 1206 604 1241 si
624 1205 719 1241 illud
741 1206 873 1254 egisset
892 1206 950 1241 via
970 1206 1154 1251 rectiore,
1175 1205 1205 1241 si
1218 1219 1297 1241 non
1310 1206 1458 1242 vitasset
1479 1204 1655 1255 intelligi,
1675 1205 1704 1241 si
1723 1218 1802 1240 non

413 1268 522 1303 etiam
545 1267 715 1303 oratione
738 1267 940 1303 difflueret.
967 1267 1121 1303 videbis
1139 1268 1268 1315 itaque
1288 1268 1542 1317 eloquentiam
1562 1267 1658 1304 ebrii
1676 1266 1801 1302 homi-

413 1329 469 1364 nis
496 1330 721 1374 involutam,
749 1337 784 1364 et
806 1336 1012 1374 errantem,
1033 1336 1069 1364 et
1088 1329 1246 1365 licentiae
1266 1331 1427 1378 plenam.
1446 1346 1461 1361 »

466 1391 609 1425 Irridet.
631 1391 822 1435 Macrob.,
843 1403 896 1436 ιι,
921 1394 941 1432 4
967 1404 975 1425 :
1005 1392 1268 1439 «Augustus...
1291 1391 1329 1426 in
1350 1392 1508 1439 epistola
1536 1390 1584 1426 ad
1611 1391 1799 1425 Maecena-

413 1459 486 1486 tem
507 1452 679 1487 familiari
699 1454 811 1499 plura
840 1451 878 1486 in
895 1452 1004 1498 jocos
1028 1452 1170 1487 effusus
1202 1453 1395 1488 subtexuit
1418 1466 1426 1488 ε
1462 1453 1576 1494 Vale,
1603 1453 1678 1486 mel
1691 1463 1800 1498 gem—

414 1526 534 1548 meum
565 1514 765 1549 Medullia>
779 1540 790 1556 ,
828 1514 918 1548 ebur
947 1526 996 1548 ez·
1028 1514 1222 1557 Hem-uria,
1260 1516 1363 1550 laser
1394 1515 1607 1556 Arcanum,
1640 1513 1801 1547 adamas

413 1588 616 1622 supernas,
653 1575 861 1610 Tiberinum
893 1576 1137 1622 margaritum
1152 1601 1161 1617 ,
1194 1575 1397 1611 Cilniorum
1425 1576 1648 1622 smaragde,
1670 1573 1801 1622 jaspis

438 1639 627 1684 gulosum,
650 1637 790 1683 berylle
818 1637 1046 1678 Porsennae,
1077 1637 1340 1672 carbunculum
1364 1640 1387 1672 I
1390 1639 1507 1672 talioe.
1524 1654 1538 1669 υ
1691 1676 1699 1682 ι

471 1700 683 1733 Antonium.
708 1700 752 1733 ln
772 1710 886 1745 quem
907 1698 982 1733 Cic.
996 1726 1005 1743 ‚
1028 1698 1197 1746 Philipp.
1224 1712 1290 1745 111,
1312 1711 1359 1734 22
1389 1712 1397 1733 t
1425 1714 1440 1730 «
1454 1700 1591 1734 Nonne
1615 1697 1728 1733 satius
1748 1704 1801 1732 est

415 1772 491 1794 esse
511 1767 656 1794 mutum
669 1787 678 1804 ‚
699 1772 811 1807 quam
832 1758 940 1806 loqui
960 1772 1002 1794 ea
1022 1771 1105 1807 quae
1124 1772 1236 1795 nemo
1256 1759 1464 1809 intelligat?
1481 1776 1496 1791 »

469 1820 662 1855 Cimberne
683 1822 838 1855 Annius.
862 1821 919 1855 De
941 1820 1014 1855 hoc
1035 1820 1165 1865 Quint.
1181 1849 1190 1866 ‚
1212 1834 1293 1856 v111
1308 1849 1317 1866 ,
1339 1822 1359 1857 3
1382 1835 1391 1857 τ
1411 1837 1426 1853 «
1448 1820 1600 1857 Cimber
1625 1820 1686 1855 hic
1706 1820 1800 1866 fuit,

414 1894 433 1916 a
455 1894 533 1929 quo
555 1882 707 1916 fratrem
726 1888 900 1916 necatum
921 1881 994 1916 hoc
1014 1882 1204 1918 Ciceronis
1225 1883 1326 1918 dicto
1347 1889 1521 1918 notatum
1540 1888 1594 1917 est
1614 1895 1622 1917 :
1646 1883 1802 1917 Germa-

413 1956 503 1978 num
529 1943 680 1978 Cimber
705 1943 853 1978 occidit.
876 1960 891 1976 υ
917 1944 1004 1979 Fuit
1025 1943 1086 1979 ille
1109 1945 1239 1979 rhetor
1259 1944 1504 1993 antiquarius.
1527 1944 1581 1979 Cf.
1603 1945 1731 1980 Hmm.
1754 1944 1801 1979 ad

413 2004 540 2053 Virg.,
565 2006 744 2040 catalect.
770 2017 813 2039 ιι.

474 2067 652 2101 Veranius
666 2068 834 2101 Flaccus.
854 2067 987 2101 Utrum
1006 2067 1192 2103 Veranius
1206 2068 1358 2104 Flaccus
1377 2081 1397 2103 a
1416 2068 1588 2104 Macrob.
1601 2096 1611 2114 ‚
1629 2068 1796 2109 Satur-71„

416 2141 465 2163 111
481 2156 490 2173 ‚
513 2142 552 2173 2,
567 2135 882 2164 commemoratus
895 2156 904 2173 ,
925 2141 972 2163 an
985 2129 1108 2164 verius
1120 2130 1274 2165 Flaccus
1293 2143 1313 2165 a
1325 2130 1449 2166 Gellio
1461 2159 1470 2175 ,
1492 2143 1576 2175 ΧΠ,
1602 2135 1646 2173 14
1661 2135 1697 2165 et
1717 2141 1798 2164 xvu

414 2190 565 2235 citatus,
584 2191 621 2225 h.
649 2191 671 2225 l.
700 2191 942 2226 scribendum
961 2191 1007 2225 sit
1026 2191 1254 2240 ambiguum.

471 2253 677 2299 E.rcc¹rs).s·z't.
704 2255 784 2287 Iino
801 2256 958 2299 juratus
979 2263 1054 2296 est,
1078 2261 1174 2289 auct.
1197 2254 1355 2299 Quintil.
1374 2282 1382 2297 ‚
1403 2267 1494 2299 vur,
1517 2256 1537 2291 3
1559 2267 1567 2289 ε
1595 2256 1702 2290 «Nec
1726 2253 1798 2289 mi-

414 2327 485 2348 nus
504 2321 597 2349 noto
618 2314 815 2349 Sallustius
843 2316 1112 2365 epigrammate
1139 2317 1336 2352 incessitur
1358 2330 1365 2351 :

554 2423 591 2451 Et
610 2420 705 2451 verba
724 2420 849 2463 antiqui
865 2422 1000 2453 multum
1016 2422 1116 2453 furate.
1134 2423 1263 2454 Catonis

597 2477 707 2518 Crispe
718 2501 725 2514 ,
742 2477 943 2518 Jugurthinae
961 2478 1107 2510 conditor
1120 2478 1265 2510 historice.

467 2580 731 2615 Asiaticorum.
765 2581 1008 2627 Quintilian,
1047 2594 1132 2626 Χιι,
1174 2595 1218 2617 ιο
1253 2596 1259 2616 :
1297 2599 1311 2613 «
1343 2582 1479 2618 Asiana
1511 2595 1600 2629 gens
1633 2581 1797 2616 timidior

415 2640 574 2687 alioqui,
603 2648 638 2676 et
658 2642 873 2688 jactantior,
889 2644 1040 2679 vaniore
1061 2644 1171 2680 etiam
1193 2644 1341 2679 dicendi
1367 2645 1487 2691 gloria
1516 2642 1645 2678 inflata
1665 2650 1731 2678 est.
1757 2659 1773 2673 ιι
