1988 3439
728 263 899 298 JULIUS
928 263 1106 299 CAEsAR.
1540 277 1564 314 9

194 348 362 408 privato
392 347 649 407 parabatur,
681 361 735 388 an
767 363 857 405 quo
893 345 1106 388 maturius
1137 346 1261 389 sociis
1296 347 1562 409 imploranti-

194 429 272 471 bus
303 427 560 471 subveniret.
592 427 836 485 Pacataque
860 426 1110 486 provincia,
1137 426 1233 486 pari
1263 426 1560 487 festinatione,

194 525 280 551 non
304 517 547 568 exspectato
572 522 817 550 successore
836 540 847 562 ‚
876 505 930 549 ad
960 505 1232 566 triumphum
1257 506 1385 550 simul
1409 525 1561 553 consu-

192 588 413 648 latumque
433 587 624 631 decessit.
648 586 731 630 Sed
756 602 912 646 quum,
937 585 1089 630 edictis
1110 586 1198 647 jam
1222 587 1428 642 comitiis,
1450 590 1560 632 ratio

191 669 282 729 ejus
307 668 456 712 haberi
480 685 567 711 non
595 676 760 727 posset,
792 667 875 710 nisi
903 667 1099 727 privatus
1129 666 1350 710 introisset
1381 667 1530 710 urbem
1548 703 1558 723 ‚

191 758 232 792 et
256 748 460 792 ambienti
487 757 535 791 ut
559 746 724 807 legibus
750 745 1010 799 solveretur,
1035 744 1163 789 multi
1189 745 1559 804 contradicerent,

190 838 361 872 coactus
404 836 467 871 est
512 827 810 888 triumphum,
853 842 907 869 ne
953 824 1184 869 consulatu
1229 825 1558 885 excluderetur,

191 907 418 952 dimittere.

253 989 372 1032 XIX.
410 990 446 1032 E
465 987 633 1032 duobus
654 985 953 1050 [consulatus]
977 988 1358 1047 competitoribus,
1378 990 1427 1032 L.
1448 991 1560 1033 Luc-

191 1069 301 1125 ceio,
320 1070 558 1128 Marcoque
577 1067 753 1124 Bibulo,
772 1068 1010 1111 Lucceium
1032 1067 1112 1111 sibi
1134 1067 1335 1128 adjunxit
1354 1086 1363 1112 :
1386 1079 1558 1130 pactus,

193 1158 237 1192 ut
267 1150 324 1204 is,
350 1149 556 1208 quonian]
585 1147 765 1191 inferior
795 1148 935 1208 gratia
963 1157 1096 1205 esset,
1127 1150 1400 1209 pecuniaque
1425 1150 1559 1210 polle-

193 1238 280 1283 ret,
311 1245 511 1272 nummos
544 1229 596 1271 de
628 1245 732 1284 suo,
764 1228 987 1272 communi
1015 1230 1215 1285 nomine,
1240 1246 1318 1290 per
1343 1232 1560 1274 centurias

194 1309 508 1367 pronuntiaret.
541 1308 641 1363 Qua
673 1309 847 1367 cognita
883 1325 956 1363 rc,
990 1309 1246 1368 optimates,
1281 1326 1389 1369 quos
1417 1319 1559 1353 metus

192 1397 388 1447 ceperat,
411 1387 518 1431 nihil
545 1404 632 1430 non
658 1403 866 1430 ausurum
893 1404 993 1431 eum
1019 1388 1062 1433 in
1087 1404 1258 1431 summo
1281 1389 1559 1448 magistratu,

193 1467 394 1511 concordi
429 1478 472 1511 et
504 1468 802 1512 consentiente
836 1467 1028 1529 collega,
1054 1477 1254 1512 auctores
1283 1468 1440 1512 Bibulo
1471 1469 1560 1513 fue-

193 1557 295 1591 runt
317 1547 573 1592 tantundem
595 1547 832 1608 pollicendi
854 1566 862 1592 :
886 1565 936 1592 ac
959 1547 1155 1609 plerique
1180 1549 1384 1609 pecunias
1408 1559 1560 1593 contu-

191 1626 331 1671 lerunt
348 1662 359 1684 ,
384 1645 437 1672 ne
463 1630 628 1673 Catone
655 1628 831 1688 quidem
862 1629 1082 1672 abnuente
1111 1645 1205 1672 eam
1234 1627 1510 1690 largitionem
1537 1646 1560 1672 e

191 1707 412 1768 republica
442 1708 548 1752 fieri.
579 1709 720 1769 Igitur
744 1725 844 1752 cum
870 1708 1024 1752 Bibulo
1052 1707 1203 1752 consul
1234 1719 1418 1753 creatur.
1445 1711 1559 1752 Ean-

191 1788 288 1831 dem
310 1789 365 1832 ob
385 1805 557 1833 causam
580 1806 711 1849 opera
728 1790 1013 1849 optimatibus
1033 1789 1133 1832 data
1151 1798 1234 1845 est,
1255 1798 1303 1832 ut
1326 1789 1560 1849 provinciae

191 1867 346 1912 futuris
376 1868 627 1912 consulibus
656 1870 824 1912 minimi
856 1871 1042 1930 negotii,
1075 1869 1117 1912 id
1145 1878 1231 1925 est,
1263 1868 1380 1912 silvae
1412 1867 1560 1913 calles-

189 1965 272 2008 que
296 1947 647 1992 decernerentur.
673 1950 774 2006 Qua
799 1950 983 1992 maxime
1010 1949 1168 2008 injuria
1193 1949 1448 2005 instinctus,
1470 1965 1561 1993 om-

191 2029 316 2072 nibus
351 2028 505 2072 officiis
539 2031 620 2073 Cn.
656 2030 915 2089 Pompeium
950 2039 1185 2072 assectatus
1219 2038 1309 2084 est,
1344 2028 1559 2072 offensum

191 2108 406 2168 patribus,
428 2108 567 2169 quod,
587 2108 847 2152 Mithridate
870 2125 973 2170 rege
999 2109 1132 2165 victo,
1159 2109 1438 2152 cunctantius
1460 2125 1561 2152 con-

192 2186 468 2232 firmarentur
497 2198 593 2232 acta
623 2205 699 2232 sua
724 2205 733 2231 :
759 2189 1055 2249 Pompeioque
1086 2191 1147 2232 M.
1178 2190 1382 2233 Crassum
1412 2205 1562 2232 recon-

191 2266 377 2322 ciliavit,
406 2277 595 2311 veterem
624 2270 851 2313 inimicum
876 2286 927 2312 ex
952 2268 1181 2312 consulatu
1198 2302 1209 2324 ‚
1236 2285 1365 2329 quem
1391 2285 1562 2312 sumina

191 2347 406 2390 discordia
435 2345 564 2390 simul
596 2358 817 2408 gesserant
846 2365 854 2390 :
886 2366 935 2392 ac
966 2350 1216 2392 societatem
1243 2364 1344 2392 cum
1375 2357 1561 2407 utroque

191 2427 311 2481 iniit,
341 2444 393 2470 ne
418 2426 524 2487 quid.
550 2437 752 2488 ageretur
778 2428 822 2470 in
850 2427 1094 2487 republica,
1124 2427 1242 2488 quod
1272 2427 1562 2487 displicuisset

191 2506 264 2551 ulli
288 2525 310 2551 e
335 2508 488 2551 tribus.

253 2591 350 2633 XX.
388 2590 509 2634 Inito
532 2591 696 2635 honore
723 2593 890 2652 primus
920 2590 1116 2636 oninium
1148 2591 1361 2647 instituit,
1393 2597 1440 2633 ut
1472 2600 1563 2633 tani

194 2680 364 2717 senatus
387 2688 517 2731 quam
542 2672 691 2733 populi
717 2673 870 2718 diurna
897 2683 991 2716 acta
1025 2670 1342 2713 conficerentur
1359 2679 1399 2713 ct
1420 2670 1555 2730 publi-
