1988 3439
598 261 722 294 ocTA
730 259 842 294 VIUS
864 258 1136 293 AUGUSTUS.
1499 258 1520 293 G
1528 272 1545 303 7

180 349 310 385 lectas
338 342 833 401 tenentem,suspicatus
860 339 1052 402 gladium
1077 340 1297 397 occulere,
1326 359 1400 385 nec
1431 344 1548 403 quic-

179 437 309 481 quam
347 423 516 478 statim,
560 438 614 464 ne
649 420 768 465 aliud
805 421 1101 477 inveniretur,
1139 437 1270 465 ausus
1307 423 1547 483 inquirere,

179 501 311 563 paulo
352 513 450 564 post
486 519 563 563 per
591 503 866 546 centuriones
891 511 934 545 et
969 500 1129 546 milites
1154 511 1328 563 raptum
1356 519 1379 545 e
1412 503 1549 546 tribu-

179 581 285 639 nali,
308 581 503 627 servilem
531 583 573 626 in
598 581 776 626 modum
801 582 948 627 torsit:
978 597 1027 625 ac
1052 582 1260 626 fatentem
1288 581 1397 625 nihil
1420 582 1547 642 jussit

179 662 340 719 occidi,
368 664 486 723 prius
518 660 654 706 oculis
685 663 778 723 ejus
804 679 879 706 sua
916 679 1049 706 manu
1085 662 1253 706 effossis
1281 679 1290 706 :
1321 679 1450 723 quem
1485 672 1548 705 ta-

180 760 277 787 men
303 743 452 787 scribit
476 741 695 804 colloquio
720 745 857 804 petito
874 743 1123 787 insidiatum
1147 743 1227 786 sibi
1244 778 1255 800 ,
1280 743 1547 803 conjectum-

178 841 262 884 que
287 840 311 867 a
343 840 388 868 se
420 824 464 867 in
498 825 760 881 custodiam,
795 824 952 868 deinde
977 825 1099 868 Urbe
1138 823 1366 868 interdicta
1406 823 1549 866 dimis-

178 921 295 959 sum,
323 904 549 966 naufragio
582 904 646 949 vel
682 904 901 949 latronum
936 905 1104 949 insidiis
1133 905 1309 967 perisse.
1343 904 1549 948 Tribuni-

180 984 283 1028 tiam
315 994 569 1046 potestatem
597 995 854 1046 perpetuam
876 986 1062 1047 recepit:
1086 986 1127 1028 in
1152 1001 1238 1046 qua
1265 984 1394 1028 semel
1414 994 1544 1045 atque

181 1064 337 1108 iterum
373 1081 451 1127 per
474 1064 642 1127 singula
673 1064 807 1110 lustra
834 1065 1045 1128 collegam
1075 1066 1154 1109 sibi
1189 1065 1424 1126 cooptavit.
1460 1067 1546 1108 Re-

179 1146 292 1206 cepit
316 1156 358 1189 et
384 1163 556 1190 morum
598 1146 829 1208 legumque
867 1148 1062 1208 regimen
1101 1163 1220 1207 aeque
1252 1154 1544 1206 perpetuum:

180 1241 267 1284 quo
290 1226 408 1285 jure,
434 1243 699 1287 quamquam
726 1227 817 1271 sine
843 1243 1035 1271 censurze
1060 1228 1248 1281 honore,
1278 1241 1455 1268 censum
1487 1233 1548 1266 ta-

184 1321 279 1348 men
308 1305 458 1367 populi
488 1317 551 1350 ter
579 1308 666 1368 egit
691 1324 700 1350 :
726 1307 917 1368 primum
948 1324 997 1351 ac
1028 1307 1204 1351 tertium
1233 1322 1332 1349 cum
1354 1303 1546 1363 collega,

183 1384 372 1428 medium
398 1384 526 1429 solus.

240 1465 446 1509 XXVIII.
469 1468 534 1510 De
555 1464 775 1511 reddenda
796 1466 1021 1528 republica
1047 1467 1111 1510 bis
1133 1465 1342 1526 cogitavit
1371 1481 1379 1507 :
1405 1463 1546 1524 primo

181 1555 275 1606 post
299 1562 551 1606 oppressum
572 1548 717 1592 statim
747 1548 1005 1603 Antonium,
1029 1562 1216 1601 memor,
1246 1545 1465 1604 objectum
1492 1543 1544 1586 ab

177 1641 228 1668 eo
255 1626 334 1669 sibi
354 1627 531 1687 saepiUS‚
562 1629 684 1688 quasi
715 1645 790 1689 per
825 1629 967 1688 ipsum
997 1635 1154 1680 staret,
1182 1642 1236 1668 ne
1263 1623 1542 1668 redderetur:

177 1722 227 1749 ac
249 1722 398 1751 rursus
423 1707 549 1751 taedio
579 1707 795 1752 diuturnae
809 1707 1092 1763 valetudinis,
1114 1723 1249 1767 quum
1274 1705 1402 1748 etiam
1420 1739 1430 1759 ,
1455 1720 1547 1746 ma-

179 1786 427 1847 gistratibus
461 1804 510 1831 ac
554 1798 705 1831 senatu
739 1788 917 1832 domum
945 1788 1112 1841 accitis,
1154 1785 1439 1829 rationarium
1469 1784 1546 1826 im-

178 1866 284 1927 perii
312 1865 503 1910 tradidit.
541 1866 626 1911 Sed
656 1878 884 1929 reputans,
919 1877 962 1911 et
994 1884 1037 1910 se
1072 1868 1293 1928 privatum
1332 1881 1418 1907 non
1452 1864 1544 1907 sinc

177 1945 371 2007 periculo
407 1946 519 2003 fore,
546 1958 589 1991 et
617 1947 735 1991 illam
766 1947 957 2008 plurium
1000 1947 1182 1990 arbitrio
1222 1956 1384 1989 temere
1427 1961 1544 1987 com-

177 2025 314 2081 mitti,
351 2027 395 2070 in
434 2027 659 2071 retinenda
695 2028 1008 2089 perseveravit;
1040 2025 1248 2079 dubium,
1272 2034 1428 2067 eventu
1456 2040 1543 2067 me-

176 2105 308 2163 liore,
335 2124 388 2150 an
425 2106 663 2152 voluntate.
709 2109 855 2165 Quam
897 2105 1165 2150 voluntatem
1205 2121 1341 2165 quum
1378 2120 1466 2164 prae
1502 2120 1546 2146 se

177 2186 413 2230 identidem
448 2187 598 2245 ferret,
626 2189 816 2249 quodam
855 2189 986 2232 etiam
1015 2186 1157 2231 edicto
1190 2187 1256 2229 his
1287 2185 1429 2227 verbis
1463 2192 1544 2227 tes-

177 2275 291 2310 tatus
312 2277 400 2310 est:
423 2269 519 2310 «Ita
537 2269 642 2311 mihi
658 2267 818 2311 salvam
844 2285 892 2312 ae
912 2269 1117 2329 sospitem
1140 2263 1455 2327 rempublicam
1472 2265 1544 2307 sis-

176 2357 266 2391 tere
287 2348 331 2390 in
348 2364 426 2391 sua
449 2347 547 2391 sede
569 2346 695 2391 liceat
709 2383 720 2401 ,
741 2358 870 2407 atque
889 2352 981 2407 ejus
1006 2349 1066 2390 rei
1091 2347 1281 2391 fructum
1303 2346 1546 2407 percipere,

174 2444 303 2488 quem
324 2438 445 2488 pet0,
468 2437 515 2471 ut
536 2428 691 2488 optimi
716 2437 851 2470 status
877 2437 1029 2470 auctor
1053 2426 1197 2482 dicar3
1220 2436 1261 2469 et
1286 2426 1474 2469 moriens
1500 2434 1549 2466 ut

175 2507 311 2552 feram
335 2525 504 2551 mecum
529 2525 670 2569 spem,
690 2524 893 2551 mansura
910 2508 951 2550 in
972 2507 1152 2567 vestigio
1173 2523 1251 2549 suo
1270 2505 1548 2548 fundamenta

175 2587 449 2648 reipublicae,
488 2605 583 2648 quae
613 2589 805 2648 jecero.»
847 2589 1054 2648 Fecitque
1079 2586 1180 2648 ‘ipse
1223 2604 1266 2629 se
1301 2594 1545 2645 compotem

176 2669 283 2722 voti,
307 2669 425 2712 nisus
451 2669 568 2712 omni
597 2668 752 2723 modo,
779 2686 831 2713 ne
851 2685 980 2729 quem
1011 2669 1109 2711 novi
1141 2677 1277 2711 status
1306 2666 1544 2727 poeniteret.

1349 2746 1387 2788 Γ».
