1988 3439
640 253 675 286 c,
701 252 868 287 sumus
894 252 1072 285 csizsffl.
1491 261 1537 295 ες

179 339 344 381 senatui
365 338 593 381 affirmavit
614 353 621 377 :
646 351 741 395 quae
767 336 873 378 scire
894 336 942 377 C.
964 335 1168 390 Matium,
1190 345 1229 378 et
1250 337 1297 378 C.
1320 336 1510 396 Oppium
1527 369 1537 388 ‚

178 416 450 477 reliquosque
477 415 654 460 Caesaris
681 415 841 458 amicos
866 431 876 456 ε
905 430 1090 473 quorum
1115 414 1163 456 C.
1192 416 1389 474 Oppius,
1416 415 1534 473 quasi

178 495 302 556 plane
335 496 578 540 defensione
607 511 655 538 ac
688 495 927 555 patrocinio
960 510 1026 536 res
1055 503 1222 553 egeret,
1255 492 1413 536 librum
1447 494 1537 537 edi-

175 576 260 630 dit,
285 596 306 617 «
323 578 422 620 Non
449 592 538 619 esse
562 575 742 619 Caesaris
767 574 904 618 filium
921 609 932 627 ‚
960 591 1088 634 quem
1114 572 1347 635 Cleopatra
1374 574 1497 618 dicat.
1519 595 1538 615 »

177 655 350 699 Helvius
374 656 533 711 Cinna,
570 656 770 698 tribunus
799 653 956 715 plebis,
983 653 1200 714 plerisque
1228 653 1448 697 confessus
1476 664 1537 696 est

176 736 373 779 habuisse
407 751 451 778 se
481 737 684 797 scriptam
721 745 1000 796 paratamque
1034 733 1197 795 legem,
1232 751 1362 794 quam
1396 736 1539 778 Caesar

174 815 284 859 ferre
304 816 519 876 jussisset,
543 832 678 876 quum
702 816 792 876 ipse
816 815 1002 872 abesset,
1029 816 1091 858 uti
1117 831 1270 858 uxores
1296 813 1531 857 liberorum

174 895 507 956 quaerendorum
538 912 691 950 causa,
721 912 827 955 quas
861 905 901 939 et
931 905 1038 956 quot
1067 893 1216 951 vellet,
1242 893 1400 938 ducere
1432 893 1532 938 lice-

175 986 252 1018 ret.
280 979 343 1020 Ac
369 993 422 1019 ne
443 977 511 1019 cui
534 975 715 1019 dubium
736 976 915 1019 omnino
939 976 1017 1030 sit,
1044 985 1086 1018 et
1111 973 1391 1035 impudicitia}
1415 991 1511 1017 eum
1527 1009 1538 1029 ,

173 1064 216 1098 et
236 1054 549 1099 adulteriorum
579 1056 780 1117 flagrasse
809 1055 1012 1110 infamia,
1039 1056 1174 1099 Curio
1202 1064 1323 1114 pater
1350 1053 1537 1114 quadam

174 1150 272 1178 eum
308 1137 503 1179 oratione
533 1137 763 1179 «omnium
796 1135 1028 1179 mulierum
1062 1136 1230 1189 virum,
1265 1144 1307 1177 et
1343 1135 1539 1177 omnium

176 1215 369 1258 virorum
398 1214 651 1259 mulierem»
678 1214 878 1277 appellat.

237 1296 352 1338 LIII.
387 1296 491 1339 Vini
525 1296 824 1355 parcissimum
856 1312 908 1339 ne
942 1296 1103 1338 inimici
1140 1294 1314 1354 quidem
1354 1311 1536 1356 negave-

176 1384 290 1417 runt.
326 1375 522 1418 Verbum
560 1377 622 1418 M.
660 1375 838 1419 Catonis
876 1384 939 1417 est
978 1391 987 1416 :
1023 1377 1212 1418 «Unum
1251 1391 1302 1418 ex
1339 1375 1540 1418 omnibus

173 1455 385 1498 Caesarem
421 1454 475 1497 ad
507 1453 784 1498 evertendam
816 1452 1128 1514 rempublicam
1165 1454 1360 1497 sobrium
1399 1470 1538 1497 acces-

173 1534 287 1577 sisse.
307 1552 327 1574 »
352 1534 466 1578 Nam
489 1535 601 1577 circa
626 1535 789 1577 victum
815 1535 863 1579 C.
889 1534 1059 1595 Oppius
1087 1533 1194 1577 adeo
1223 1533 1539 1578 indifferentem

174 1613 324 1670 docet,
361 1623 409 1658 ut
444 1613 665 1674 quondam
699 1615 753 1658 ab
787 1615 956 1675 hospite
994 1613 1219 1658 conditum
1255 1612 1426 1671 oleum,
1462 1631 1542 1675 pro

175 1693 298 1738 viridi
336 1696 609 1756 appositum,
649 1695 978 1757 aspernantibus
1023 1696 1201 1752 ceteris,
1239 1694 1378 1739 solum
1413 1697 1541 1739 etiam

176 1772 335 1836 largius
369 1774 481 1819 dicat
515 1777 754 1836 appetisse,
795 1793 847 1821 ne
883 1777 1098 1838 hospitem
1135 1785 1209 1819 aut
1244 1774 1539 1836 negligentiae,

175 1863 250 1898 aut
272 1855 520 1898 rusticitatis
547 1855 767 1900 videretur
793 1873 989 1918 arguere.

236 1935 350 1977 LIV.
385 1934 700 1979 Abstinentiam
729 1953 868 1996 neque
899 1938 940 1980 in
971 1938 1185 1997 imperiiS‚
1212 1954 1351 1997 neque
1380 1939 1422 1980 in
1453 1954 1542 1981 ma-

174 2013 424 2073 gistratibus
453 2016 664 2074 praestitit.
696 2018 755 2060 Ut
783 2017 897 2059 enim
926 2017 1101 2076 quidam
1133 2019 1423 2060 monumentis
1454 2019 1541 2061 suis

175 2093 316 2136 testati
340 2102 465 2149 sunt,
483 2095 526 2137 in
537 2096 783 2156 Hispaniaa
799 2095 1057 2159 proconsule
1081 2105 1121 2139 et
1146 2113 1170 2139 a
1192 2098 1315 2139 sociis
1340 2098 1541 2157 pecunias

175 2173 359 2232 accepit,
387 2173 673 2218 emendicatas
699 2177 742 2218 in
769 2175 977 2219 auxilium
1007 2178 1100 2219 aeris
1127 2176 1279 2231 alieni,
1306 2187 1347 2220 ct
1372 2179 1542 2221 Lusita-

176 2267 332 2294 norum
372 2252 568 2312 quaedam
600 2254 784 2314 oppida,
819 2273 1069 2315 quanquam
1104 2274 1181 2301 nec
1219 2259 1428 2318 imperata
1466 2258 1540 2302 de-

175 2340 431 2387 trectarent,
466 2341 506 2373 ct
541 2331 785 2376 advenienti
823 2345 968 2394 portas
1005 2337 1319 2395 patefacerent,
1360 2338 1541 2398 diripuit

175 2408 401 2454 hostiliter.
435 2412 484 2453 In
516 2409 658 2454 Gallia
683 2413 779 2455 fana
810 2412 1055 2473 templaque
1079 2415 1207 2458 deum
1237 2417 1359 2460 donis
1384 2417 1540 2460 referta

174 2488 403 2551 expilavit‚
444 2490 569 2533 urbes
611 2490 768 2546 diruit,
810 2494 962 2552 saepius
996 2497 1051 2536 ob
1095 2495 1282 2553 praedam
1322 2513 1450 2556 quam
1486 2498 1539 2540 ob

174 2568 380 2613 delictum
407 2587 416 2612 :
448 2569 562 2625 unde
592 2570 752 2615 factum
795 2582 841 2615 ut
884 2589 990 2616 auro
1022 2574 1285 2630 abundaret,
1324 2577 1540 2637 ternisque

175 2647 365 2693 millibus
388 2666 614 2693 nummum
641 2652 682 2693 in
709 2650 838 2695 libras
862 2653 1129 2713 promercale
1153 2671 1226 2713 per
1251 2654 1416 2698 Italiam
1443 2673 1538 2716 pro-
