<?xml version="1.0" encoding="UTF-8"?>
<!DOCTYPE html PUBLIC "-//W3C//DTD XHTML 1.0 Transitional//EN"
    "http://www.w3.org/TR/xhtml1/DTD/xhtml1-transitional.dtd">
<html xmlns="http://www.w3.org/1999/xhtml" xml:lang="en" lang="en">
 <head>
  <title>
</title>
<meta http-equiv="Content-Type" content="text/html;charset=utf-8" />
  <meta name='ocr-system' content='tesseract 3.04.00' />
  <meta name='ocr-capabilities' content='ocr_page ocr_carea ocr_par ocr_line ocrx_word'/>
</head>
<body>
  <div class='ocr_page' id='page_1' title='image "./operagro00suetuoft_0332.png"; bbox 0 0 1971 3342; ppageno 0'>
   <div class='ocr_carea' id='block_1_1' title="bbox 373 188 1229 227">
    <p class='ocr_par' dir='ltr' id='par_1_1' title="bbox 373 188 1229 227">
     <span class='ocr_line' id='line_1_1' title="bbox 373 188 1229 227; baseline -0.005 0"><span class='ocrx_word' id='word_1_1' title='bbox 373 205 392 227; x_wconf 78' lang='lat'><strong>2</strong></span> <span class='ocrx_word' id='word_1_2' title='bbox 401 205 419 227; x_wconf 77' lang='lat'><strong>2</strong></span> <span class='ocrx_word' id='word_1_3' title='bbox 912 189 953 226; x_wconf 92' lang='lat' dir='ltr'><strong>C.</strong></span> <span class='ocrx_word' id='word_1_4' title='bbox 986 188 1229 225; x_wconf 84' lang='lat' dir='ltr'>SUETONII</span> 
     </span>
    </p>
   </div>
   <div class='ocr_carea' id='block_1_2' title="bbox 371 271 1782 2683">
    <p class='ocr_par' dir='ltr' id='par_1_2' title="bbox 371 271 1775 1213">
     <span class='ocr_line' id='line_1_2' title="bbox 373 271 1765 337; baseline -0.004 -16"><span class='ocrx_word' id='word_1_5' title='bbox 373 286 466 334; x_wconf 83' lang='lat' dir='ltr'><strong>est3</strong></span> <span class='ocrx_word' id='word_1_6' title='bbox 496 293 661 337; x_wconf 89' lang='lat' dir='ltr'><strong>quum,</strong></span> <span class='ocrx_word' id='word_1_7' title='bbox 693 292 768 337; x_wconf 91' lang='lat' dir='ltr'><strong>spe</strong></span> <span class='ocrx_word' id='word_1_8' title='bbox 797 272 1004 335; x_wconf 84' lang='lat' dir='ltr'>colloquii</span> <span class='ocrx_word' id='word_1_9' title='bbox 1038 273 1180 330; x_wconf 88' lang='lat' dir='ltr'><strong>facta,</strong></span> <span class='ocrx_word' id='word_1_10' title='bbox 1219 272 1345 333; x_wconf 85' lang='lat' dir='ltr'>quasi</span> <span class='ocrx_word' id='word_1_11' title='bbox 1380 272 1435 316; x_wconf 89' lang='lat' dir='ltr'><strong>ad</strong></span> <span class='ocrx_word' id='word_1_12' title='bbox 1468 271 1765 318; x_wconf 90' lang='lat' dir='ltr'><strong>conditionem</strong></span> 
     </span>
     <span class='ocr_line' id='line_1_3' title="bbox 375 354 1768 420; baseline -0.004 -17"><span class='ocrx_word' id='word_1_13' title='bbox 375 358 496 420; x_wconf 83' lang='lat' dir='ltr'>pacis</span> <span class='ocrx_word' id='word_1_14' title='bbox 516 355 730 402; x_wconf 85' lang='lat' dir='ltr'><strong>militibus</strong></span> <span class='ocrx_word' id='word_1_15' title='bbox 751 355 945 414; x_wconf 84' lang='lat' dir='ltr'><strong>eductis,</strong></span> <span class='ocrx_word' id='word_1_16' title='bbox 966 371 1020 399; x_wconf 87' lang='lat' dir='ltr'><strong>ex</strong></span> <span class='ocrx_word' id='word_1_17' title='bbox 1042 354 1309 416; x_wconf 86' lang='lat' dir='ltr'><strong>improviso,</strong></span> <span class='ocrx_word' id='word_1_18' title='bbox 1331 362 1464 415; x_wconf 86' lang='lat' dir='ltr'><strong>atque</strong></span> <span class='ocrx_word' id='word_1_19' title='bbox 1485 354 1530 398; x_wconf 92' lang='lat' dir='ltr'><strong>in</strong></span> <span class='ocrx_word' id='word_1_20' title='bbox 1551 354 1646 415; x_wconf 86' lang='lat' dir='ltr'><strong>ipsa</strong></span> <span class='ocrx_word' id='word_1_21' title='bbox 1664 370 1768 398; x_wconf 91' lang='lat' dir='ltr'><strong>con-</strong></span> 
     </span>
     <span class='ocr_line' id='line_1_4' title="bbox 377 434 1768 496; baseline -0.004 -12"><span class='ocrx_word' id='word_1_22' title='bbox 377 437 664 496; x_wconf 82' lang='lat' dir='ltr'><strong>salutatione,</strong></span> <span class='ocrx_word' id='word_1_23' title='bbox 702 436 1004 482; x_wconf 82' lang='lat' dir='ltr'><strong>dimicandum</strong></span> <span class='ocrx_word' id='word_1_24' title='bbox 1039 435 1202 480; x_wconf 90' lang='lat' dir='ltr'><strong>fuisset.</strong></span> <span class='ocrx_word' id='word_1_25' title='bbox 1242 437 1308 480; x_wconf 88' lang='lat' dir='ltr'><strong>Ac</strong></span> <span class='ocrx_word' id='word_1_26' title='bbox 1352 435 1502 479; x_wconf 88' lang='lat' dir='ltr'><strong>statim</strong></span> <span class='ocrx_word' id='word_1_27' title='bbox 1548 434 1768 479; x_wconf 88' lang='lat' dir='ltr'><strong>moriendi</strong></span> 
     </span>
     <span class='ocr_line' id='line_1_5' title="bbox 375 515 1770 582; baseline -0.004 -18"><span class='ocrx_word' id='word_1_28' title='bbox 375 520 591 582; x_wconf 92' lang='lat' dir='ltr'><strong>impetum</strong></span> <span class='ocrx_word' id='word_1_29' title='bbox 617 520 733 581; x_wconf 85' lang='lat' dir='ltr'><strong>cepit</strong></span> <span class='ocrx_word' id='word_1_30' title='bbox 754 536 765 563; x_wconf 78' lang='lat' dir='ltr'><em>z</em></span> <span class='ocrx_word' id='word_1_31' title='bbox 788 527 837 562; x_wconf 91' lang='lat' dir='ltr'><strong>ut</strong></span> <span class='ocrx_word' id='word_1_32' title='bbox 859 516 1009 574; x_wconf 90' lang='lat' dir='ltr'><strong>multi,</strong></span> <span class='ocrx_word' id='word_1_33' title='bbox 1038 531 1118 561; x_wconf 87' lang='lat' dir='ltr'><strong>nec</strong></span> <span class='ocrx_word' id='word_1_34' title='bbox 1146 515 1331 578; x_wconf 84' lang='lat' dir='ltr'><strong>frustra,</strong></span> <span class='ocrx_word' id='word_1_35' title='bbox 1353 516 1608 578; x_wconf 81' lang='lat' dir='ltr'><strong>opinantur,</strong></span> <span class='ocrx_word' id='word_1_36' title='bbox 1630 516 1770 577; x_wconf 87' lang='lat' dir='ltr'><strong>magis</strong></span> 
     </span>
     <span class='ocr_line' id='line_1_6' title="bbox 371 595 1770 663; baseline -0.004 -17"><span class='ocrx_word' id='word_1_37' title='bbox 371 600 569 663; x_wconf 88' lang='lat' dir='ltr'><strong>pudore,</strong></span> <span class='ocrx_word' id='word_1_38' title='bbox 596 616 652 644; x_wconf 90' lang='lat' dir='ltr'><strong>ne</strong></span> <span class='ocrx_word' id='word_1_39' title='bbox 676 608 800 644; x_wconf 88' lang='lat' dir='ltr'><strong>tanto</strong></span> <span class='ocrx_word' id='word_1_40' title='bbox 825 613 976 642; x_wconf 90' lang='lat' dir='ltr'><strong>rerum</strong></span> <span class='ocrx_word' id='word_1_41' title='bbox 1002 597 1326 658; x_wconf 86' lang='lat' dir='ltr'><strong>hominumque</strong></span> <span class='ocrx_word' id='word_1_42' title='bbox 1348 595 1549 658; x_wconf 85' lang='lat' dir='ltr'><strong>periculo</strong></span> <span class='ocrx_word' id='word_1_43' title='bbox 1571 595 1770 640; x_wconf 89' lang='lat' dir='ltr'><strong>domina-</strong></span> 
     </span>
     <span class='ocr_line' id='line_1_7' title="bbox 372 676 1771 740; baseline -0.004 -13"><span class='ocrx_word' id='word_1_44' title='bbox 372 683 540 727; x_wconf 88' lang='lat' dir='ltr'><strong>tionem</strong></span> <span class='ocrx_word' id='word_1_45' title='bbox 583 681 665 725; x_wconf 87' lang='lat' dir='ltr'><strong>sibi</strong></span> <span class='ocrx_word' id='word_1_46' title='bbox 703 695 896 724; x_wconf 74' lang='lat' dir='ltr'><strong>asserere</strong></span> <span class='ocrx_word' id='word_1_47' title='bbox 927 687 1253 740; x_wconf 88' lang='lat' dir='ltr'><strong>perseveraret,</strong></span> <span class='ocrx_word' id='word_1_48' title='bbox 1290 693 1424 739; x_wconf 92' lang='lat' dir='ltr'><strong>quam</strong></span> <span class='ocrx_word' id='word_1_49' title='bbox 1462 676 1771 738; x_wconf 82' lang='lat' dir='ltr'><strong>desperatione</strong></span> 
     </span>
     <span class='ocr_line' id='line_1_8' title="bbox 378 757 1769 820; baseline -0.003 -15"><span class='ocrx_word' id='word_1_50' title='bbox 378 761 496 819; x_wconf 90' lang='lat' dir='ltr'><strong>ulla,</strong></span> <span class='ocrx_word' id='word_1_51' title='bbox 522 771 600 807; x_wconf 88' lang='lat' dir='ltr'><strong>aut</strong></span> <span class='ocrx_word' id='word_1_52' title='bbox 628 760 878 805; x_wconf 84' lang='lat' dir='ltr'><strong>diffidentia</strong></span> <span class='ocrx_word' id='word_1_53' title='bbox 903 759 1132 820; x_wconf 90' lang='lat' dir='ltr'><strong>copiarum</strong></span> <span class='ocrx_word' id='word_1_54' title='bbox 1167 776 1177 803; x_wconf 76' lang='grc' dir='ltr'>ε</span> <span class='ocrx_word' id='word_1_55' title='bbox 1211 759 1377 820; x_wconf 90' lang='lat' dir='ltr'><strong>quippe</strong></span> <span class='ocrx_word' id='word_1_56' title='bbox 1415 757 1629 811; x_wconf 81' lang='lat' dir='ltr'><strong>residuis,</strong></span> <span class='ocrx_word' id='word_1_57' title='bbox 1656 758 1769 802; x_wconf 92' lang='lat' dir='ltr'><strong>inte-</strong></span> 
     </span>
     <span class='ocr_line' id='line_1_9' title="bbox 377 838 1774 905; baseline -0.003 -18"><span class='ocrx_word' id='word_1_58' title='bbox 377 843 556 905; x_wconf 85' lang='lat' dir='ltr'><strong>grisque</strong></span> <span class='ocrx_word' id='word_1_59' title='bbox 583 843 716 887; x_wconf 84' lang='lat' dir='ltr'><strong>etiam</strong></span> <span class='ocrx_word' id='word_1_60' title='bbox 739 858 879 897; x_wconf 86' lang='lat' dir='ltr'><strong>nunc,</strong></span> <span class='ocrx_word' id='word_1_61' title='bbox 900 857 1010 902; x_wconf 92' lang='lat' dir='ltr'><strong>quas</strong></span> <span class='ocrx_word' id='word_1_62' title='bbox 1031 856 1178 885; x_wconf 89' lang='lat' dir='ltr'><strong>secum</strong></span> <span class='ocrx_word' id='word_1_63' title='bbox 1198 839 1254 885; x_wconf 91' lang='lat' dir='ltr'><strong>ad</strong></span> <span class='ocrx_word' id='word_1_64' title='bbox 1276 838 1492 884; x_wconf 90' lang='lat' dir='ltr'><strong>secundos</strong></span> <span class='ocrx_word' id='word_1_65' title='bbox 1514 856 1640 884; x_wconf 89' lang='lat' dir='ltr'><strong>casus</strong></span> <span class='ocrx_word' id='word_1_66' title='bbox 1661 839 1774 883; x_wconf 88' lang='lat' dir='ltr'><strong>deti-</strong></span> 
     </span>
     <span class='ocr_line' id='line_1_10' title="bbox 379 920 1775 986; baseline -0.004 -17"><span class='ocrx_word' id='word_1_67' title='bbox 379 934 538 969; x_wconf 87' lang='lat' dir='ltr'><strong>nuerat</strong></span> <span class='ocrx_word' id='word_1_68' title='bbox 553 959 565 981; x_wconf 99' lang='lat'><strong>,</strong></span> <span class='ocrx_word' id='word_1_69' title='bbox 591 934 634 969; x_wconf 88' lang='lat' dir='ltr'><strong>et</strong></span> <span class='ocrx_word' id='word_1_70' title='bbox 654 922 1069 986; x_wconf 84' lang='lat' dir='ltr'><strong>supervenientibus</strong></span> <span class='ocrx_word' id='word_1_71' title='bbox 1093 921 1190 967; x_wconf 88' lang='lat' dir='ltr'><strong>aliis</strong></span> <span class='ocrx_word' id='word_1_72' title='bbox 1206 939 1229 966; x_wconf 93' lang='lat' dir='ltr'><strong>e</strong></span> <span class='ocrx_word' id='word_1_73' title='bbox 1246 920 1466 967; x_wconf 84' lang='lat' dir='ltr'><strong>Dalmatia</strong></span> <span class='ocrx_word' id='word_1_74' title='bbox 1483 955 1495 976; x_wconf 96' lang='lat'><strong>,</strong></span> <span class='ocrx_word' id='word_1_75' title='bbox 1523 920 1775 965; x_wconf 88' lang='lat' dir='ltr'><strong>Pannonia-</strong></span> 
     </span>
     <span class='ocr_line' id='line_1_11' title="bbox 377 1001 1775 1067; baseline -0.004 -16"><span class='ocrx_word' id='word_1_76' title='bbox 377 1022 464 1067; x_wconf 88' lang='lat' dir='ltr'><strong>que</strong></span> <span class='ocrx_word' id='word_1_77' title='bbox 490 1015 536 1050; x_wconf 90' lang='lat' dir='ltr'><strong>et</strong></span> <span class='ocrx_word' id='word_1_78' title='bbox 569 1006 725 1050; x_wconf 83' lang='lat' dir='ltr'><strong>Moesia</strong></span> <span class='ocrx_word' id='word_1_79' title='bbox 753 1022 762 1049; x_wconf 92' lang='lat'><strong>:</strong></span> <span class='ocrx_word' id='word_1_80' title='bbox 787 1021 843 1049; x_wconf 90' lang='lat' dir='ltr'><strong>ne</strong></span> <span class='ocrx_word' id='word_1_81' title='bbox 868 1005 994 1049; x_wconf 90' lang='lat' dir='ltr'><strong>victis</strong></span> <span class='ocrx_word' id='word_1_82' title='bbox 1017 1003 1199 1065; x_wconf 91' lang='lat' dir='ltr'><strong>quidem</strong></span> <span class='ocrx_word' id='word_1_83' title='bbox 1229 1003 1340 1047; x_wconf 91' lang='lat' dir='ltr'><strong>adeo</strong></span> <span class='ocrx_word' id='word_1_84' title='bbox 1367 1001 1566 1056; x_wconf 81' lang='lat' dir='ltr'><strong>afflictis,</strong></span> <span class='ocrx_word' id='word_1_85' title='bbox 1603 1012 1652 1046; x_wconf 92' lang='lat' dir='ltr'><strong>ut</strong></span> <span class='ocrx_word' id='word_1_86' title='bbox 1684 1017 1775 1046; x_wconf 90' lang='lat' dir='ltr'><strong>non</strong></span> 
     </span>
     <span class='ocr_line' id='line_1_12' title="bbox 381 1081 1775 1149; baseline -0.005 -17"><span class='ocrx_word' id='word_1_87' title='bbox 381 1088 426 1131; x_wconf 90' lang='lat' dir='ltr'><strong>in</strong></span> <span class='ocrx_word' id='word_1_88' title='bbox 458 1085 674 1132; x_wconf 87' lang='lat' dir='ltr'><strong>ultionem</strong></span> <span class='ocrx_word' id='word_1_89' title='bbox 701 1086 955 1149; x_wconf 67' lang='lat' dir='ltr'><strong>ignominiae</strong></span> <span class='ocrx_word' id='word_1_90' title='bbox 982 1084 1157 1146; x_wconf 90' lang='lat' dir='ltr'><strong>quidvis</strong></span> <span class='ocrx_word' id='word_1_91' title='bbox 1181 1083 1447 1128; x_wconf 88' lang='lat' dir='ltr'><strong>discriminis</strong></span> <span class='ocrx_word' id='word_1_92' title='bbox 1470 1081 1588 1126; x_wconf 90' lang='lat' dir='ltr'><strong>ultro</strong></span> <span class='ocrx_word' id='word_1_93' title='bbox 1603 1117 1615 1140; x_wconf 93' lang='lat'><strong>,</strong></span> <span class='ocrx_word' id='word_1_94' title='bbox 1639 1092 1683 1127; x_wconf 91' lang='lat' dir='ltr'><strong>et</strong></span> <span class='ocrx_word' id='word_1_95' title='bbox 1708 1081 1775 1127; x_wconf 90' lang='lat' dir='ltr'><strong>vel</strong></span> 
     </span>
     <span class='ocr_line' id='line_1_13' title="bbox 376 1166 717 1213; baseline 0 -1"><span class='ocrx_word' id='word_1_96' title='bbox 376 1166 478 1213; x_wconf 85' lang='lat' dir='ltr'><strong>solae</strong></span> <span class='ocrx_word' id='word_1_97' title='bbox 504 1167 717 1212; x_wconf 89' lang='lat' dir='ltr'><strong>subirent.</strong></span> 
     </span>
    </p>

    <p class='ocr_par' dir='ltr' id='par_1_3' title="bbox 376 1244 1782 2683">
     <span class='ocr_line' id='line_1_14' title="bbox 439 1244 1776 1310; baseline -0.005 -16"><span class='ocrx_word' id='word_1_98' title='bbox 439 1251 498 1294; x_wconf 88' lang='lat' dir='ltr'><strong>X.</strong></span> <span class='ocrx_word' id='word_1_99' title='bbox 526 1248 736 1294; x_wconf 82' lang='lat' dir='ltr'><strong>Interfuit</strong></span> <span class='ocrx_word' id='word_1_100' title='bbox 765 1249 852 1293; x_wconf 92' lang='lat' dir='ltr'><strong>hoc</strong></span> <span class='ocrx_word' id='word_1_101' title='bbox 880 1246 997 1293; x_wconf 92' lang='lat' dir='ltr'><strong>bello</strong></span> <span class='ocrx_word' id='word_1_102' title='bbox 1029 1256 1157 1310; x_wconf 90' lang='lat' dir='ltr'><strong>pater</strong></span> <span class='ocrx_word' id='word_1_103' title='bbox 1192 1262 1315 1291; x_wconf 91' lang='lat' dir='ltr'><strong>meus</strong></span> <span class='ocrx_word' id='word_1_104' title='bbox 1348 1245 1587 1290; x_wconf 85' lang='lat' dir='ltr'><strong>Suetonius</strong></span> <span class='ocrx_word' id='word_1_105' title='bbox 1611 1244 1746 1288; x_wconf 91' lang='lat' dir='ltr'><strong>Lenis</strong></span> <span class='ocrx_word' id='word_1_106' title='bbox 1766 1279 1776 1299; x_wconf 93' lang='lat'><strong>,</strong></span> 
     </span>
     <span class='ocr_line' id='line_1_15' title="bbox 376 1325 1774 1393; baseline -0.004 -19"><span class='ocrx_word' id='word_1_107' title='bbox 376 1329 518 1375; x_wconf 86' lang='lat' dir='ltr'><strong>tertiae</strong></span> <span class='ocrx_word' id='word_1_108' title='bbox 546 1329 727 1375; x_wconf 85' lang='lat' dir='ltr'><strong>decimae</strong></span> <span class='ocrx_word' id='word_1_109' title='bbox 760 1329 945 1393; x_wconf 80' lang='lat' dir='ltr'><strong>legionis</strong></span> <span class='ocrx_word' id='word_1_110' title='bbox 971 1329 1176 1373; x_wconf 88' lang='lat' dir='ltr'><strong>tribunus</strong></span> <span class='ocrx_word' id='word_1_111' title='bbox 1202 1325 1563 1389; x_wconf 85' lang='lat' dir='ltr'><strong>angusticlavius.</strong></span> <span class='ocrx_word' id='word_1_112' title='bbox 1595 1328 1638 1369; x_wconf 93' lang='lat' dir='ltr'><strong>Is</strong></span> <span class='ocrx_word' id='word_1_113' title='bbox 1668 1341 1774 1369; x_wconf 86' lang='lat' dir='ltr'><strong>mox</strong></span> 
     </span>
     <span class='ocr_line' id='line_1_16' title="bbox 376 1407 1773 1468; baseline -0.006 -12"><span class='ocrx_word' id='word_1_114' title='bbox 376 1410 542 1456; x_wconf 86' lang='lat' dir='ltr'><strong>referre</strong></span> <span class='ocrx_word' id='word_1_115' title='bbox 561 1411 717 1456; x_wconf 83' lang='lat' dir='ltr'><strong>crebro</strong></span> <span class='ocrx_word' id='word_1_116' title='bbox 742 1410 941 1467; x_wconf 84' lang='lat' dir='ltr'><strong>solebat,</strong></span> <span class='ocrx_word' id='word_1_117' title='bbox 962 1410 1190 1455; x_wconf 88' lang='lat' dir='ltr'><strong>Othonem</strong></span> <span class='ocrx_word' id='word_1_118' title='bbox 1222 1409 1355 1452; x_wconf 89' lang='lat' dir='ltr'><strong>etiam</strong></span> <span class='ocrx_word' id='word_1_119' title='bbox 1380 1407 1604 1468; x_wconf 86' lang='lat' dir='ltr'><strong>privatum</strong></span> <span class='ocrx_word' id='word_1_120' title='bbox 1632 1421 1773 1466; x_wconf 89' lang='lat' dir='ltr'><strong>usque</strong></span> 
     </span>
     <span class='ocr_line' id='line_1_17' title="bbox 377 1485 1772 1547; baseline -0.005 -11"><span class='ocrx_word' id='word_1_121' title='bbox 377 1491 487 1536; x_wconf 90' lang='lat' dir='ltr'><strong>adeo</strong></span> <span class='ocrx_word' id='word_1_122' title='bbox 510 1491 774 1536; x_wconf 87' lang='lat' dir='ltr'><strong>detestatum</strong></span> <span class='ocrx_word' id='word_1_123' title='bbox 804 1491 949 1536; x_wconf 86' lang='lat' dir='ltr'><strong>civilia</strong></span> <span class='ocrx_word' id='word_1_124' title='bbox 974 1507 1095 1536; x_wconf 87' lang='lat' dir='ltr'><strong>arma</strong></span> <span class='ocrx_word' id='word_1_125' title='bbox 1112 1525 1123 1546; x_wconf 93' lang='lat'><strong>,</strong></span> <span class='ocrx_word' id='word_1_126' title='bbox 1159 1500 1208 1534; x_wconf 90' lang='lat' dir='ltr'><strong>ut</strong></span> <span class='ocrx_word' id='word_1_127' title='bbox 1228 1524 1239 1545; x_wconf 95' lang='lat'><strong>,</strong></span> <span class='ocrx_word' id='word_1_128' title='bbox 1279 1497 1553 1532; x_wconf 82' lang='lat' dir='ltr'><strong>memorante</strong></span> <span class='ocrx_word' id='word_1_129' title='bbox 1582 1485 1772 1547; x_wconf 82' lang='lat' dir='ltr'><strong>quodam</strong></span> 
     </span>
     <span class='ocr_line' id='line_1_18' title="bbox 376 1568 1777 1634; baseline -0.003 -19"><span class='ocrx_word' id='word_1_130' title='bbox 376 1572 493 1616; x_wconf 87' lang='lat' dir='ltr'><strong>inter</strong></span> <span class='ocrx_word' id='word_1_131' title='bbox 526 1571 678 1634; x_wconf 85' lang='lat' dir='ltr'><strong>epulas</strong></span> <span class='ocrx_word' id='word_1_132' title='bbox 707 1571 762 1616; x_wconf 84' lang='lat' dir='ltr'><strong>de</strong></span> <span class='ocrx_word' id='word_1_133' title='bbox 786 1572 924 1617; x_wconf 88' lang='lat' dir='ltr'><strong>Cassii</strong></span> <span class='ocrx_word' id='word_1_134' title='bbox 951 1572 1166 1631; x_wconf 82' lang='lat' dir='ltr'><strong>Brutique</strong></span> <span class='ocrx_word' id='word_1_135' title='bbox 1190 1570 1336 1625; x_wconf 86' lang='lat' dir='ltr'><strong>exitu,</strong></span> <span class='ocrx_word' id='word_1_136' title='bbox 1361 1568 1640 1613; x_wconf 88' lang='lat' dir='ltr'><strong>cohorruerit</strong></span> <span class='ocrx_word' id='word_1_137' title='bbox 1662 1584 1672 1612; x_wconf 77' lang='lat' dir='ltr'><em>z</em></span> <span class='ocrx_word' id='word_1_138' title='bbox 1697 1583 1777 1611; x_wconf 84' lang='lat' dir='ltr'><strong>nec</strong></span> 
     </span>
     <span class='ocr_line' id='line_1_19' title="bbox 378 1649 1775 1707; baseline -0.004 -9"><span class='ocrx_word' id='word_1_139' title='bbox 378 1670 700 1698; x_wconf 87' lang='lat' dir='ltr'><strong>concursurum</strong></span> <span class='ocrx_word' id='word_1_140' title='bbox 737 1670 839 1698; x_wconf 90' lang='lat' dir='ltr'><strong>cum</strong></span> <span class='ocrx_word' id='word_1_141' title='bbox 878 1651 1024 1697; x_wconf 86' lang='lat' dir='ltr'><strong>Galba</strong></span> <span class='ocrx_word' id='word_1_142' title='bbox 1062 1652 1221 1707; x_wconf 88' lang='lat' dir='ltr'><strong>fnisse,</strong></span> <span class='ocrx_word' id='word_1_143' title='bbox 1257 1651 1339 1694; x_wconf 90' lang='lat' dir='ltr'><strong>nisi</strong></span> <span class='ocrx_word' id='word_1_144' title='bbox 1374 1649 1640 1705; x_wconf 84' lang='lat' dir='ltr'><strong>confideret,</strong></span> <span class='ocrx_word' id='word_1_145' title='bbox 1678 1649 1775 1692; x_wconf 89' lang='lat' dir='ltr'><strong>sine</strong></span> 
     </span>
     <span class='ocr_line' id='line_1_20' title="bbox 378 1729 1775 1795; baseline -0.005 -16"><span class='ocrx_word' id='word_1_146' title='bbox 378 1733 494 1779; x_wconf 91' lang='lat' dir='ltr'><strong>bello</strong></span> <span class='ocrx_word' id='word_1_147' title='bbox 521 1751 615 1779; x_wconf 84' lang='lat' dir='ltr'><strong>rem</strong></span> <span class='ocrx_word' id='word_1_148' title='bbox 645 1734 830 1795; x_wconf 82' lang='lat' dir='ltr'><strong>transigi</strong></span> <span class='ocrx_word' id='word_1_149' title='bbox 859 1750 985 1794; x_wconf 90' lang='lat' dir='ltr'><strong>posse</strong></span> <span class='ocrx_word' id='word_1_150' title='bbox 1020 1750 1029 1776; x_wconf 90' lang='lat'>:</span> <span class='ocrx_word' id='word_1_151' title='bbox 1065 1742 1171 1776; x_wconf 85' lang='lat' dir='ltr'><strong>tunc</strong></span> <span class='ocrx_word' id='word_1_152' title='bbox 1201 1731 1255 1775; x_wconf 89' lang='lat' dir='ltr'><strong>ad</strong></span> <span class='ocrx_word' id='word_1_153' title='bbox 1285 1729 1610 1791; x_wconf 89' lang='lat' dir='ltr'><strong>despiciendam</strong></span> <span class='ocrx_word' id='word_1_154' title='bbox 1638 1730 1775 1773; x_wconf 84' lang='lat' dir='ltr'><strong>vitam</strong></span> 
     </span>
     <span class='ocr_line' id='line_1_21' title="bbox 377 1809 1778 1877; baseline -0.004 -18"><span class='ocrx_word' id='word_1_155' title='bbox 377 1813 580 1877; x_wconf 86' lang='lat' dir='ltr'><strong>exemplo</strong></span> <span class='ocrx_word' id='word_1_156' title='bbox 602 1813 894 1875; x_wconf 86' lang='lat' dir='ltr'><strong>manipularis</strong></span> <span class='ocrx_word' id='word_1_157' title='bbox 912 1813 1066 1857; x_wconf 90' lang='lat' dir='ltr'><strong>militis</strong></span> <span class='ocrx_word' id='word_1_158' title='bbox 1085 1813 1356 1857; x_wconf 86' lang='lat' dir='ltr'><strong>concitatum</strong></span> <span class='ocrx_word' id='word_1_159' title='bbox 1371 1846 1382 1868; x_wconf 93' lang='lat'><strong>,</strong></span> <span class='ocrx_word' id='word_1_160' title='bbox 1408 1812 1484 1872; x_wconf 91' lang='lat' dir='ltr'><strong>qui</strong></span> <span class='ocrx_word' id='word_1_161' title='bbox 1500 1845 1512 1869; x_wconf 94' lang='lat'><strong>,</strong></span> <span class='ocrx_word' id='word_1_162' title='bbox 1537 1827 1674 1871; x_wconf 91' lang='lat' dir='ltr'><strong>quum</strong></span> <span class='ocrx_word' id='word_1_163' title='bbox 1693 1809 1778 1854; x_wconf 87' lang='lat' dir='ltr'><strong>cla-</strong></span> 
     </span>
     <span class='ocr_line' id='line_1_22' title="bbox 378 1891 1778 1955; baseline -0.004 -15"><span class='ocrx_word' id='word_1_164' title='bbox 378 1894 479 1940; x_wconf 88' lang='lat' dir='ltr'><strong>dem</strong></span> <span class='ocrx_word' id='word_1_165' title='bbox 498 1896 716 1940; x_wconf 89' lang='lat' dir='ltr'><strong>exercitus</strong></span> <span class='ocrx_word' id='word_1_166' title='bbox 746 1897 1002 1950; x_wconf 82' lang='lat' dir='ltr'><strong>nunciaret,</strong></span> <span class='ocrx_word' id='word_1_167' title='bbox 1030 1911 1109 1938; x_wconf 91' lang='lat' dir='ltr'><strong>nec</strong></span> <span class='ocrx_word' id='word_1_168' title='bbox 1134 1894 1343 1955; x_wconf 89' lang='lat' dir='ltr'><strong>cuiquam</strong></span> <span class='ocrx_word' id='word_1_169' title='bbox 1367 1892 1498 1936; x_wconf 82' lang='lat' dir='ltr'><strong>fidem</strong></span> <span class='ocrx_word' id='word_1_170' title='bbox 1518 1891 1705 1946; x_wconf 82' lang='lat' dir='ltr'><strong>faceret,</strong></span> <span class='ocrx_word' id='word_1_171' title='bbox 1728 1908 1778 1936; x_wconf 92' lang='lat' dir='ltr'><strong>ac</strong></span> 
     </span>
     <span class='ocr_line' id='line_1_23' title="bbox 381 1973 1777 2036; baseline -0.002 -16"><span class='ocrx_word' id='word_1_172' title='bbox 381 1992 501 2020; x_wconf 89' lang='lat' dir='ltr'><strong>nunc</strong></span> <span class='ocrx_word' id='word_1_173' title='bbox 522 1975 766 2032; x_wconf 88' lang='lat' dir='ltr'><strong>mendacii,</strong></span> <span class='ocrx_word' id='word_1_174' title='bbox 789 1992 906 2020; x_wconf 89' lang='lat' dir='ltr'><strong>nunc</strong></span> <span class='ocrx_word' id='word_1_175' title='bbox 928 1976 1125 2032; x_wconf 84' lang='lat' dir='ltr'><strong>timoris,</strong></span> <span class='ocrx_word' id='word_1_176' title='bbox 1146 1976 1270 2036; x_wconf 86' lang='lat' dir='ltr'><strong>quasi</strong></span> <span class='ocrx_word' id='word_1_177' title='bbox 1291 1974 1477 2035; x_wconf 85' lang='lat' dir='ltr'><strong>fugisset</strong></span> <span class='ocrx_word' id='word_1_178' title='bbox 1497 1990 1549 2018; x_wconf 85' lang='lat' dir='ltr'><strong>ex</strong></span> <span class='ocrx_word' id='word_1_179' title='bbox 1570 1973 1684 2029; x_wconf 89' lang='lat' dir='ltr'><strong>acie,</strong></span> <span class='ocrx_word' id='word_1_180' title='bbox 1705 1989 1777 2017; x_wconf 85' lang='lat' dir='ltr'><strong>ar—</strong></span> 
     </span>
     <span class='ocr_line' id='line_1_24' title="bbox 379 2055 1774 2120; baseline -0.004 -18"><span class='ocrx_word' id='word_1_181' title='bbox 379 2067 606 2119; x_wconf 82' lang='lat' dir='ltr'><strong>gueretur,</strong></span> <span class='ocrx_word' id='word_1_182' title='bbox 636 2056 784 2120; x_wconf 84' lang='lat' dir='ltr'><strong>gladio</strong></span> <span class='ocrx_word' id='word_1_183' title='bbox 807 2066 909 2101; x_wconf 87' lang='lat' dir='ltr'><strong>ante</strong></span> <span class='ocrx_word' id='word_1_184' title='bbox 933 2056 1066 2117; x_wconf 89' lang='lat' dir='ltr'><strong>pedes</strong></span> <span class='ocrx_word' id='word_1_185' title='bbox 1091 2057 1184 2117; x_wconf 90' lang='lat' dir='ltr'><strong>ejus</strong></span> <span class='ocrx_word' id='word_1_186' title='bbox 1213 2056 1478 2099; x_wconf 90' lang='lat' dir='ltr'><strong>incubuerit.</strong></span> <span class='ocrx_word' id='word_1_187' title='bbox 1519 2057 1616 2098; x_wconf 92' lang='lat' dir='ltr'><strong>Hoc</strong></span> <span class='ocrx_word' id='word_1_188' title='bbox 1647 2055 1742 2098; x_wconf 90' lang='lat' dir='ltr'><strong>viso</strong></span> <span class='ocrx_word' id='word_1_189' title='bbox 1764 2089 1774 2110; x_wconf 89' lang='lat'><strong>,</strong></span> 
     </span>
     <span class='ocr_line' id='line_1_25' title="bbox 381 2133 1774 2199; baseline -0.002 -17"><span class='ocrx_word' id='word_1_190' title='bbox 381 2138 677 2199; x_wconf 87' lang='lat' dir='ltr'><strong>proclamasse</strong></span> <span class='ocrx_word' id='word_1_191' title='bbox 695 2154 818 2195; x_wconf 82' lang='lat' dir='ltr'><strong>eum,</strong></span> <span class='ocrx_word' id='word_1_192' title='bbox 838 2138 1004 2195; x_wconf 86' lang='lat' dir='ltr'><strong>aiebat,</strong></span> <span class='ocrx_word' id='word_1_193' title='bbox 1025 2157 1045 2178; x_wconf 89' lang='lat'>«</span> <span class='ocrx_word' id='word_1_194' title='bbox 1060 2137 1163 2181; x_wconf 89' lang='lat' dir='ltr'><strong>Non</strong></span> <span class='ocrx_word' id='word_1_195' title='bbox 1185 2135 1375 2198; x_wconf 88' lang='lat' dir='ltr'><strong>amplius</strong></span> <span class='ocrx_word' id='word_1_196' title='bbox 1393 2153 1437 2180; x_wconf 93' lang='lat' dir='ltr'><strong>se</strong></span> <span class='ocrx_word' id='word_1_197' title='bbox 1462 2137 1506 2180; x_wconf 88' lang='lat' dir='ltr'><strong>in</strong></span> <span class='ocrx_word' id='word_1_198' title='bbox 1530 2133 1774 2197; x_wconf 89' lang='lat' dir='ltr'><strong>pericnlum</strong></span> 
     </span>
     <span class='ocr_line' id='line_1_26' title="bbox 383 2217 1773 2280; baseline -0.001 -18"><span class='ocrx_word' id='word_1_199' title='bbox 383 2217 489 2263; x_wconf 84' lang='lat' dir='ltr'><strong>tales</strong></span> <span class='ocrx_word' id='word_1_200' title='bbox 508 2228 689 2280; x_wconf 86' lang='lat' dir='ltr'><strong>tamque</strong></span> <span class='ocrx_word' id='word_1_201' title='bbox 708 2219 820 2263; x_wconf 89' lang='lat' dir='ltr'><strong>bene</strong></span> <span class='ocrx_word' id='word_1_202' title='bbox 837 2219 1017 2263; x_wconf 88' lang='lat' dir='ltr'><strong>meritos</strong></span> <span class='ocrx_word' id='word_1_203' title='bbox 1035 2218 1387 2279; x_wconf 85' lang='lat' dir='ltr'><strong>conjecturum.»</strong></span> <span class='ocrx_word' id='word_1_204' title='bbox 1405 2220 1603 2261; x_wconf 82' lang='lat' dir='ltr'><strong>Fratrem</strong></span> <span class='ocrx_word' id='word_1_205' title='bbox 1621 2217 1773 2278; x_wconf 84' lang='lat' dir='ltr'><strong>igitur,</strong></span> 
     </span>
     <span class='ocr_line' id='line_1_27' title="bbox 382 2298 1777 2362; baseline -0.001 -20"><span class='ocrx_word' id='word_1_206' title='bbox 382 2298 622 2360; x_wconf 84' lang='lat' dir='ltr'><strong>fratrisque</strong></span> <span class='ocrx_word' id='word_1_207' title='bbox 646 2298 808 2357; x_wconf 90' lang='lat' dir='ltr'><strong>silium,</strong></span> <span class='ocrx_word' id='word_1_208' title='bbox 843 2308 886 2343; x_wconf 90' lang='lat' dir='ltr'><strong>et</strong></span> <span class='ocrx_word' id='word_1_209' title='bbox 913 2298 1110 2362; x_wconf 86' lang='lat' dir='ltr'><strong>singulos</strong></span> <span class='ocrx_word' id='word_1_210' title='bbox 1143 2299 1387 2343; x_wconf 80' lang='lat' dir='ltr'><strong>amicorum</strong></span> <span class='ocrx_word' id='word_1_211' title='bbox 1417 2298 1676 2343; x_wconf 72' lang='lat' dir='ltr'><strong>cohortatus</strong></span> <span class='ocrx_word' id='word_1_212' title='bbox 1693 2332 1704 2354; x_wconf 88' lang='lat'><strong>,</strong></span> <span class='ocrx_word' id='word_1_213' title='bbox 1729 2307 1777 2341; x_wconf 94' lang='lat' dir='ltr'><strong>ut</strong></span> 
     </span>
     <span class='ocr_line' id='line_1_28' title="bbox 383 2377 1778 2442; baseline -0.002 -18"><span class='ocrx_word' id='word_1_214' title='bbox 383 2380 465 2424; x_wconf 91' lang='lat' dir='ltr'><strong>sibi</strong></span> <span class='ocrx_word' id='word_1_215' title='bbox 492 2381 679 2441; x_wconf 86' lang='lat' dir='ltr'><strong>quisque</strong></span> <span class='ocrx_word' id='word_1_216' title='bbox 714 2398 796 2442; x_wconf 91' lang='lat' dir='ltr'><strong>pro</strong></span> <span class='ocrx_word' id='word_1_217' title='bbox 832 2380 1043 2425; x_wconf 87' lang='lat' dir='ltr'><strong>facultate</strong></span> <span class='ocrx_word' id='word_1_218' title='bbox 1087 2379 1365 2437; x_wconf 87' lang='lat' dir='ltr'><strong>consuleret,</strong></span> <span class='ocrx_word' id='word_1_219' title='bbox 1406 2379 1461 2423; x_wconf 89' lang='lat' dir='ltr'><strong>ab</strong></span> <span class='ocrx_word' id='word_1_220' title='bbox 1499 2377 1705 2441; x_wconf 84' lang='lat' dir='ltr'><strong>amplexu</strong></span> <span class='ocrx_word' id='word_1_221' title='bbox 1736 2388 1778 2422; x_wconf 91' lang='lat' dir='ltr'><strong>et</strong></span> 
     </span>
     <span class='ocr_line' id='line_1_29' title="bbox 382 2457 1779 2523; baseline -0.002 -18"><span class='ocrx_word' id='word_1_222' title='bbox 382 2459 534 2505; x_wconf 90' lang='lat' dir='ltr'><strong>osculo</strong></span> <span class='ocrx_word' id='word_1_223' title='bbox 560 2478 641 2506; x_wconf 91' lang='lat' dir='ltr'><strong>suo</strong></span> <span class='ocrx_word' id='word_1_224' title='bbox 671 2462 839 2506; x_wconf 88' lang='lat' dir='ltr'><strong>dimisit</strong></span> <span class='ocrx_word' id='word_1_225' title='bbox 860 2477 1032 2518; x_wconf 87' lang='lat' dir='ltr'><strong>omnes,</strong></span> <span class='ocrx_word' id='word_1_226' title='bbox 1056 2471 1314 2522; x_wconf 82' lang='lat' dir='ltr'><strong>secretoque</strong></span> <span class='ocrx_word' id='word_1_227' title='bbox 1334 2470 1486 2523; x_wconf 90' lang='lat' dir='ltr'><strong>capto,</strong></span> <span class='ocrx_word' id='word_1_228' title='bbox 1507 2460 1635 2504; x_wconf 91' lang='lat' dir='ltr'><strong>binos</strong></span> <span class='ocrx_word' id='word_1_229' title='bbox 1655 2457 1779 2504; x_wconf 89' lang='lat' dir='ltr'><strong>codi-</strong></span> 
     </span>
     <span class='ocr_line' id='line_1_30' title="bbox 384 2539 1779 2600; baseline -0.001 -15"><span class='ocrx_word' id='word_1_230' title='bbox 384 2539 509 2586; x_wconf 88' lang='lat' dir='ltr'><strong>cillos</strong></span> <span class='ocrx_word' id='word_1_231' title='bbox 526 2543 722 2586; x_wconf 88' lang='lat' dir='ltr'><strong>exaravit</strong></span> <span class='ocrx_word' id='word_1_232' title='bbox 744 2560 752 2586; x_wconf 89' lang='lat'><strong>:</strong></span> <span class='ocrx_word' id='word_1_233' title='bbox 774 2542 828 2587; x_wconf 88' lang='lat' dir='ltr'><strong>ad</strong></span> <span class='ocrx_word' id='word_1_234' title='bbox 849 2559 1045 2587; x_wconf 86' lang='lat' dir='ltr'><strong>sororem</strong></span> <span class='ocrx_word' id='word_1_235' title='bbox 1065 2542 1408 2600; x_wconf 88' lang='lat' dir='ltr'><strong>consolatorios,</strong></span> <span class='ocrx_word' id='word_1_236' title='bbox 1428 2541 1505 2586; x_wconf 92' lang='lat' dir='ltr'><strong>sed</strong></span> <span class='ocrx_word' id='word_1_237' title='bbox 1526 2551 1569 2585; x_wconf 88' lang='lat' dir='ltr'><strong>et</strong></span> <span class='ocrx_word' id='word_1_238' title='bbox 1587 2540 1643 2586; x_wconf 86' lang='lat' dir='ltr'><strong>ad</strong></span> <span class='ocrx_word' id='word_1_239' title='bbox 1662 2542 1779 2584; x_wconf 90' lang='lat' dir='ltr'><strong>Mes-</strong></span> 
     </span>
     <span class='ocr_line' id='line_1_31' title="bbox 386 2620 1782 2683; baseline -0.001 -19"><span class='ocrx_word' id='word_1_240' title='bbox 386 2620 569 2666; x_wconf 85' lang='lat' dir='ltr'><strong>salinam</strong></span> <span class='ocrx_word' id='word_1_241' title='bbox 587 2623 798 2679; x_wconf 81' lang='lat' dir='ltr'><strong>Neronis,</strong></span> <span class='ocrx_word' id='word_1_242' title='bbox 820 2629 949 2683; x_wconf 85' lang='lat' dir='ltr'><strong>quam</strong></span> <span class='ocrx_word' id='word_1_243' title='bbox 972 2624 1256 2667; x_wconf 85' lang='lat' dir='ltr'><strong>matrimonio</strong></span> <span class='ocrx_word' id='word_1_244' title='bbox 1278 2623 1539 2676; x_wconf 83' lang='lat' dir='ltr'><strong>destinarat,</strong></span> <span class='ocrx_word' id='word_1_245' title='bbox 1563 2637 1782 2665; x_wconf 87' lang='lat' dir='ltr'><strong>commen-</strong></span> 
     </span>
    </p>
   </div>
  </div>
 </body>
</html>
