1971 3342
333 222 377 260 m,
875 226 914 257 c.
945 226 1181 260 SUETOMI

331 312 499 346 emtum
510 336 521 358 ,
535 304 810 349 nunciantes.
829 308 1078 351 Auctoritas
1094 318 1136 352 et
1148 309 1271 368 quasi
1288 310 1491 370 majestas
1505 311 1725 371 quaedam,

331 392 378 425 ut
411 382 576 427 scilicet
616 384 846 447 inopinato
872 397 914 430 et
953 386 1097 432 adhuc
1136 406 1252 433 novo
1284 390 1498 451 principi,
1535 391 1685 436 deerat
1715 410 1723 436 ς

332 462 424 507 haec
454 480 631 525 quoque
661 467 855 510 accessit.
889 470 925 511 E
960 466 1087 529 plebe
1113 470 1294 530 quidam
1318 469 1558 515 luminibus
1594 472 1723 517 orba-

328 552 427 600 tus,
462 545 566 589 item
602 545 712 590 alius
755 547 887 591 debili
931 565 1085 606 crure,
1121 550 1347 595 sedentem
1386 568 1468 612 pro
1513 553 1724 596 tribunali

328 625 495 684 pariter
526 626 754 686 adierunt,
786 639 961 673 orantes
987 647 1116 691 opem
1148 630 1418 687 valetudini,
1447 632 1723 677 demonstra-

332 714 418 748 tam
453 723 478 750 a
512 708 723 769 Serapide
754 726 831 770 per
857 711 1050 770 quietem
1085 728 1093 755 :
1125 713 1437 757 restituturum
1468 712 1646 769 oculos,
1688 715 1723 758 si

329 786 586 847 inspuisset3
608 789 976 834 confirmaturum
1005 809 1104 836 crus
1118 827 1129 846 ,
1148 794 1183 837 si
1204 793 1464 855 dignaretur
1485 793 1604 839 calce
1621 811 1724 838 con-

328 867 514 928 tingere.
544 870 694 927 Quum
718 872 792 915 vix
813 871 920 916 fides
947 884 1079 930 esset,
1107 891 1201 917 rem
1228 873 1320 918 ullo
1347 875 1479 920 modo
1503 892 1723 920 successu-

324 964 447 1003 ram,
490 948 677 1010 ideoque
715 969 771 995 ne
809 954 999 1014 experiri
1035 953 1213 1014 quidem
1256 955 1461 1013 auderet3
1499 967 1697 1001 extremo

327 1027 611 1074 hortantibus
641 1032 813 1087 amicis,
837 1032 984 1094 palam
1014 1050 1095 1093 pro
1118 1035 1330 1079 concione
1357 1046 1595 1098 utrumque
1619 1047 1715 1082 ten-

327 1110 434 1153 tavit
455 1127 464 1154 :
483 1127 563 1155 nec
579 1122 763 1156 ex‘entus
785 1113 937 1157 defuit.
954 1116 1037 1158 Per
1059 1114 1174 1158 idem
1198 1125 1370 1177 tempus
1393 1119 1547 1178 Tegeae
1570 1119 1614 1162 in
1635 1122 1718 1163 Ar·

324 1190 470 1247 cadia,
495 1193 707 1238 instinctu
740 1194 1100 1252 vaticinantium,
1123 1196 1276 1240 effossa
1303 1207 1406 1241 sunt
1432 1209 1603 1243 sacrato
1620 1198 1718 1244 loco

322 1287 426 1316 vasa
460 1274 605 1334 operis
648 1275 838 1335 antiqui,
878 1284 1010 1336 atque
1048 1277 1092 1320 in
1120 1277 1171 1320 iis
1211 1277 1412 1322 assimilis
1448 1280 1719 1341 Vespasiano

320 1353 481 1416 unago.

386 1439 512 1483 VIII.
542 1438 660 1483 Talis
688 1450 900 1502 tantaque
926 1459 1026 1486 eum
1065 1443 1179 1487 fama
1210 1445 1253 1486 in
1284 1444 1451 1488 Urbem
1485 1462 1714 1501 reversus,

321 1528 419 1562 acto
444 1519 497 1563 de
512 1520 673 1565 Judaeis
697 1523 947 1583 triumpho,
973 1523 1230 1568 consulatus
1251 1535 1350 1568 octo
1376 1532 1511 1569 veteri
1530 1525 1713 1570 addidit.

321 1600 522 1660 Suscepit
549 1610 592 1644 et
618 1618 848 1646 censuram
876 1621 884 1645 :
910 1620 960 1647 ac
984 1621 1063 1665 per
1083 1615 1228 1648 totum
1254 1606 1429 1666 imperii
1456 1617 1627 1667 tempus
1653 1608 1716 1650 ni-

318 1678 379 1722 hil
402 1679 559 1724 habuit
579 1684 826 1743 antiquius,
850 1701 983 1744 quam
1004 1702 1142 1747 prope
1163 1686 1371 1730 afflictam
1394 1697 1714 1748 nutantemque

315 1760 640 1822 rempublicam
667 1763 862 1808 stabilire
881 1767 1050 1826 primo,
1076 1766 1234 1811 deinde
1261 1777 1303 1811 et
1328 1784 1500 1812 ornare.
1527 1767 1713 1824 Milites,

313 1858 416 1902 pars
441 1843 635 1888 victoriae
657 1844 817 1889 fiducia
836 1881 847 1902 ,
874 1863 975 1907 pars
996 1848 1249 1908 ignominiae
1268 1847 1440 1903 dolore,
1459 1849 1515 1892 ad
1534 1866 1711 1894 omnem

316 1921 537 1967 licentiam
567 1924 886 1987 audaciamque
909 1940 1226 1988 processerant.
1259 1929 1344 1973 Sed
1373 1940 1415 1973 et
1444 1931 1710 1991 provinciae,

317 2004 604 2066 civitatesque
633 2005 800 2064 liberae,
833 2024 914 2051 nec
941 2025 1030 2052 non
1067 2019 1110 2052 et
1146 2026 1282 2071 regna
1313 2010 1513 2070 quaedam
1542 2011 1709 2056 tumul-

316 2086 486 2129 tuosius
511 2087 625 2130 inter
650 2105 695 2131 se
732 2089 936 2149 agebant.
968 2090 1120 2146 Quare
1146 2089 1493 2135 Vitellianorum
1528 2092 1707 2152 quidem

313 2177 356 2210 et
379 2169 684 2212 exauctoravit
710 2168 924 2229 plurimos
943 2205 953 2224 ‚
979 2180 1022 2214 et
1050 2172 1244 2215 coercuit
1277 2189 1285 2214 r
1317 2173 1606 2234 participibus
1631 2190 1708 2217 au-

313 2257 402 2290 tem
423 2248 618 2292 victoriae
639 2248 750 2293 adeo
771 2250 880 2294 nihil
905 2261 1028 2295 extra
1053 2251 1254 2296 ordinem
1275 2252 1455 2296 indulsit
1471 2288 1482 2309 ,
1505 2264 1553 2297 ut
1572 2255 1703 2298 etiam

311 2327 508 2390 legitima
529 2331 708 2390 praemia
733 2348 822 2375 uon
852 2333 934 2375 nisi
965 2349 1061 2377 sero
1082 2332 1354 2394 persolverit.
1380 2337 1463 2391 Ac,
1495 2351 1550 2377 ne
1571 2351 1704 2395 quam

313 2411 586 2454 occasionem
613 2412 864 2474 corrigendi
889 2413 1166 2474 disciplinam
1198 2416 1571 2475 praetermitteret,
1600 2415 1704 2458 ado-

309 2488 624 2547 lescentulum,
656 2493 925 2555 fragrantem
959 2505 1207 2555 unguento,
1236 2513 1372 2556 quum
1412 2497 1493 2540 sibi
1521 2513 1602 2557 pro
1623 2497 1702 2538 im-

311 2582 478 2630 petrata
495 2573 756 2634 praefectura
777 2576 939 2637 gratias
960 2586 1132 2636 ageret,
1160 2586 1267 2619 nutu
1291 2587 1569 2638 aspernatus,
1594 2594 1698 2620 vocc

308 2653 436 2695 ctiam
466 2656 722 2714 gravissima
751 2657 998 2716 increpuit,
1041 2677 1059 2695 «
1092 2656 1375 2707 Maluissem,
1412 2657 1559 2700 allium
1590 2658 1694 2701 abo-
