1988 3439
757 291 1021 327 CLAUDIUS.
1505 307 1523 329 2
1536 308 1543 328 i
1557 295 1575 329 5

200 374 453 420 conditione
477 377 687 437 cujusque
707 392 714 418 :
742 376 846 432 civi,
870 377 1141 419 vacationem
1167 374 1271 437 legis
1294 379 1433 438 Papiae
1465 381 1576 439 Pop—

201 472 323 515 paea’.;
351 457 527 513 Latino,
555 457 626 516 jus
651 457 918 514 Quiritium;
941 457 1134 513 feminis,
1156 457 1228 517 jus
1256 468 1444 518 quatuor
1468 458 1575 503 libe-

199 554 347 580 rorum
368 555 376 580 :
403 554 499 598 quae
519 538 756 581 constituta
777 537 992 599 hodieque
1013 548 1255 582 servantur.

263 620 361 662 XX.
388 619 533 680 Opera
554 635 734 680 magna,
759 620 993 680 potiusque
1012 619 1267 676 necessaria,
1287 635 1419 679 quam
1440 620 1574 663 multa

199 698 406 759 perfecit;
441 698 516 743 sed
549 697 613 742 vel
641 700 879 761 praecipua,
917 717 1130 761 aquarum
1169 699 1376 756 ductum,
1412 716 1435 743 a
1472 700 1577 744 Caio

200 780 449 824 inchoatum
473 797 482 823 ι
510 781 637 839 item,
662 781 935 825 emissarium
956 783 1106 826 Fucini
1136 781 1279 837 lacus,
1312 791 1578 843 portumque

198 863 455 906 ostiensem:
481 879 747 924 quamquam
771 864 914 919 sciret,
932 880 982 907 ex
1001 863 1067 907 his
1092 862 1277 907 alterum
1304 862 1359 906 ab
1379 864 1577 923 Augusto

200 943 478 1004 precantibus
517 943 688 988 assidue
730 945 889 989 Marsis
920 954 1147 1005 negatum,
1187 943 1370 987 alterum
1412 960 1435 986 a
1475 941 1577 985 divo

197 1022 314 1067 Julio
341 1025 496 1085 saepius
514 1024 799 1081 destinatum,
824 1043 874 1069 ac
899 1036 1082 1087 propter
1112 1024 1414 1068 difficultatem
1446 1024 1578 1066 omis-

198 1122 307 1148 sum.
346 1104 539 1150 Claudiae
571 1123 695 1168 aquae
726 1106 890 1168 gelidos
923 1117 966 1150 et
999 1107 1153 1150 uberes
1184 1106 1352 1161 fontes,
1388 1120 1575 1164 qnorum

200 1184 326 1229 alteri
353 1185 579 1244 Caeruleo,
620 1186 746 1231 alteri
785 1188 940 1231 Curtio
974 1197 1017 1230 et
1054 1186 1272 1231 Albudino
1299 1201 1456 1228 nomen
1483 1193 1578 1238 est,

198 1265 415 1327 simulque
448 1268 590 1311 rivum
628 1269 804 1314 Anienis
839 1269 939 1312 novi
979 1267 1148 1328 lapideo
1179 1283 1308 1327 opere
1341 1267 1383 1308 in
1414 1265 1575 1309 Urbem

199 1346 422 1407 perduxit,
447 1348 681 1408 divisitque
706 1350 748 1391 in
783 1348 993 1409 plurimos
1031 1358 1072 1392 et
1103 1347 1405 1391 ornatissimos
1438 1344 1570 1388 lacus.

201 1428 412 1471 Fucinum
458 1445 686 1489 aggressus
726 1439 813 1485 est,
865 1446 951 1472 non
1002 1429 1146 1472 minus
1191 1426 1439 1487 compendii
1476 1442 1580 1486 spe,

198 1524 328 1568 quam
355 1507 530 1569 gloriae3
558 1525 693 1569 quum
718 1509 920 1569 quidam,
959 1510 1129 1569 privato
1162 1517 1310 1551 sumtu
1343 1507 1578 1550 emissuros

198 1605 261 1644 se,
300 1589 682 1650 repromitterent,
719 1590 751 1633 si
792 1590 872 1633 sibi
907 1590 1054 1632 siccati
1088 1589 1182 1650 agri
1218 1587 1579 1631 concederentur.

197 1671 280 1713 Per
315 1671 398 1713 tria
434 1679 577 1714 autem
604 1687 810 1731 passuum
848 1668 1004 1726 millia,
1041 1670 1199 1730 partim
1224 1668 1382 1712 effosso
1413 1678 1580 1723 monte,

202 1751 361 1812 partim
385 1751 556 1807 exciso,
582 1750 774 1795 canalem
800 1750 987 1795 absolvit
1009 1766 1145 1811 aegre,
1179 1760 1222 1793 et
1256 1759 1353 1811 post
1381 1749 1580 1792 undecim

198 1848 358 1885 annos,
400 1832 598 1891 quamvis
636 1833 856 1875 continuis
899 1830 1079 1891 triginta
1128 1831 1353 1874 hominum
1393 1828 1583 1872 millibus

197 1913 289 1956 sine
312 1913 634 1956 intermissione
658 1912 956 1972 operantibus.
986 1914 1165 1955 Portum
1188 1912 1323 1955 Ostiae
1348 1911 1583 1960 exstruxit,

198 1992 501 2037 circumducto
529 1992 683 2036 dextra
709 1994 972 2052 sinistraque
998 1992 1200 2047 brachio,
1222 1990 1335 2034 etad
1354 1992 1581 2033 introitum

202 2073 420 2134 profundo
455 2074 544 2134 jam
581 2072 674 2117 solo
710 2072 824 2117 mole
868 2074 1061 2133 objecta:
1089 2089 1220 2132 quam
1260 2088 1349 2131 quo
1388 2070 1583 2114 stabilius

202 2153 424 2208 fundaret,
454 2171 606 2197 navem
638 2165 738 2198 ante
765 2154 996 2210 demersit,
1035 2170 1119 2214 qua
1152 2169 1336 2214 magnus
1367 2150 1583 2195 obeliscus

200 2252 248 2277 ex
277 2236 464 2295 [Egypto
489 2235 630 2278 fuerat
657 2234 883 2288 advectus,
914 2236 1216 2296 congestisque
1246 2233 1343 2294 pilis
1373 2250 1585 2293 superpo—

200 2317 285 2358 suit
307 2314 560 2358 altissimam
596 2316 750 2358 turrim
783 2315 1095 2376 inexemplum
1132 2314 1401 2358 alexandrini
1435 2314 1583 2366 l’liari,

202 2407 246 2446 ut
267 2396 320 2439 ad
346 2406 584 2439 nocturnos
610 2397 728 2456 ignes
758 2412 932 2438 cursum
963 2396 1134 2456 navigia
1157 2395 1411 2456 dirigerent.

265 2479 384 2521 XXI.
422 2477 660 2537 Congiaria
690 2477 853 2538 populo
876 2478 1030 2537 srepius
1056 2476 1294 2519 distribuit.
1327 2474 1582 2535 Spectacula

202 2575 377 2618 quoque
394 2557 619 2618 complura
639 2568 680 2601 ct
706 2559 932 2619 magnilica
956 2557 1115 2614 edidit,
1148 2575 1230 2600 uon
1252 2558 1408 2600 usitata
1430 2556 1581 2610 modo,

203 2657 251 2682 ac
287 2638 424 2682 solitis
457 2638 585 2694 locis,
622 2639 692 2681 sed
728 2650 766 2682 ‹·t
807 2640 1126 2693 commentitia,
1167 2649 1205 2681 et
1241 2655 1288 2680 cx
1323 2637 1585 2696 antiquitati·

206 2720 410 2779 repetita,
446 2730 481 2762 rt
517 2720 586 2763 ulii
619 2730 822 2779 prieti-rea
858 2738 982 2764 nemo
1015 2730 1116 2764 autc
1151 2737 1261 2762 vum.
1294 2718 1439 2762 Ludos
1466 2718 1581 2762 (ΙΝΙίἼ
