1988 3439
568 259 818 295 OCTAVIUS
846 260 1121 297 AUGUSTUS.
1493 267 1539 304 83

163 334 322 382 dehinc
340 339 559 396 vehicula,
580 341 808 402 disposuit.
830 344 1116 389 Commodius
1136 345 1180 389 id
1199 346 1339 393 visum
1362 359 1446 407 est,
1471 362 1540 408 ut,

161 418 234 476 qui
259 434 283 462 a
307 417 404 464 loco
426 420 652 481 perferunt
679 421 865 479 litteras,
894 424 1025 469 iidem
1057 426 1316 488 interrogari
1344 447 1540 492 quoque,

160 498 195 542 si
219 499 325 560 quid
351 517 418 545 res
444 501 636 562 exigant,
663 504 845 564 possint.

226 581 277 624 L.
313 583 364 625 In
386 581 721 643 diplomatibus,
745 583 988 647 libellisque
1010 597 1051 631 et
1074 589 1268 650 epistolis
1293 591 1539 653 signandis,

159 660 285 705 initio
311 662 495 724 sphinge
519 680 623 709 usus
652 675 736 721 est;
763 684 864 711 mox
891 668 1079 730 imagine
1101 671 1253 732 Magni
1278 670 1541 726 Alexandri;

158 742 391 787 novissime
421 760 522 801 sua,
554 746 828 792 Dioscoridis
857 765 990 794 manu
1018 750 1214 812 sculpta,
1247 769 1334 813 qua
1367 755 1541 815 signare

157 822 340 868 insecuti
374 841 552 886 quoque
585 828 805 890 principes
842 842 1193 890 perseverarunt.
1228 833 1297 878 Ad
1335 833 1540 896 epistolas

154 919 304 948 omnes
326 904 536 950 horarum
560 924 735 970 quoque
756 921 1000 969 momenta,
1022 929 1101 957 nee
1121 913 1205 958 diei
1227 914 1381 971 modo,
1403 915 1478 960 sed
1498 926 1541 960 et

154 984 314 1042 noctis,
340 986 500 1047 quibus
527 987 637 1033 datae
662 990 1032 1052 significarentur,
1056 993 1256 1039 addebat.

215 1066 290 1111 LI.
327 1065 585 1114 Clementiae
604 1070 914 1134 civilitatisque
934 1074 1026 1135 ejus
1050 1074 1188 1120 multa
1212 1086 1255 1120 et
1276 1094 1437 1139 magna
1461 1077 1538 1123 do-

151 1157 357 1192 cumenta
384 1160 498 1194 sunt.
528 1152 596 1195 Ne
623 1167 897 1209 enumerem,
926 1165 1035 1215 quot
1060 1165 1101 1200 et
1127 1173 1237 1218 quos
1265 1157 1536 1203 diversarum

150 1228 364 1288 partium,
385 1231 512 1275 venia
531 1242 574 1276 et
593 1231 896 1278 incolumitate
915 1235 1120 1293 donatos,
1140 1238 1384 1299 principem
1406 1240 1535 1284 etiam

152 1308 196 1352 in
224 1310 400 1356 civitate
429 1310 574 1356 locum
604 1323 753 1358 tenere
782 1332 934 1376 passus
963 1317 1045 1372 sit;
1072 1319 1253 1363 Junium
1283 1320 1504 1365 Novatum
1522 1356 1533 1376 ,

147 1398 190 1433 ct
215 1391 413 1435 Cassium
438 1393 719 1450 Patavinum‚
744 1411 767 1438 e
791 1393 918 1455 plebe
942 1395 1161 1452 homines,
1188 1398 1374 1443 alterum
1401 1417 1533 1460 pecu-

147 1469 240 1528 nia,
269 1469 457 1516 alterum
482 1470 565 1516 levi
592 1473 744 1519 exsilio
770 1476 928 1536 punire
954 1477 1058 1521 satis
1082 1478 1237 1523 habuit
1264 1497 1273 1524 ε
1299 1497 1437 1541 quum
1463 1480 1534 1525 ille

146 1551 354 1613 Agrippae
373 1552 547 1613 juvenis
572 1555 748 1600 nomine
772 1558 1058 1618 asperrimam
1085 1559 1137 1603 de
1163 1577 1207 1604 se
1229 1560 1457 1621 epistolam
1488 1563 1532 1606 in

147 1630 301 1694 vulgus
326 1633 551 1691 edidisset3
579 1636 648 1681 hic
674 1637 877 1682 convivio
900 1637 1030 1700 pleno
1056 1639 1383 1701 proclamasset,
1410 1645 1530 1688 «Ne-

144 1729 229 1775 que
246 1724 400 1760 votum
419 1716 500 1761 sibi
520 1733 662 1778 neque
681 1719 877 1764 animum
896 1720 1060 1778 deesse,
1080 1722 1360 1767 confodiendi
1379 1741 1494 1768 eum.
1509 1745 1529 1765 n

144 1795 350 1853 Quadam
376 1813 480 1842 vero
503 1800 775 1860 cognitione,
799 1818 937 1862 quum
964 1801 1138 1847 AEmilio
1164 1803 1335 1848 AEliano
1360 1805 1530 1850 Cordu-

142 1875 264 1921 bensi
288 1877 403 1922 inter
427 1887 568 1922 cetera
590 1880 775 1925 crimina
798 1881 865 1925 vel
889 1884 1075 1927 maxime
1099 1884 1386 1944 objiceretur,
1409 1887 1527 1946 quod

142 1955 255 2002 male
282 1959 453 2020 opinari
480 1959 534 2004 de
558 1961 729 2004 Caesarc
757 1961 934 2019 soleret3
964 1980 1199 2009 conversus
1224 1965 1278 2009 ad
1304 1977 1528 2010 accusato-

141 2054 254 2096 rem,
279 2050 587 2102 commotoque
613 2041 786 2099 similis,
812 2043 1013 2100 «Velim,
1031 2064 1051 2085 »
1078 2045 1242 2105 inquit,
1273 2046 1392 2089 «hoc
1418 2047 1525 2091 mihi

142 2118 299 2178 probes
329 2137 338 2163 :
368 2119 545 2177 faciam,
573 2122 681 2166 sciat
706 2121 921 2181 AElianus,
948 2134 990 2168 et
1018 2142 1085 2168 me
1114 2124 1310 2186 linguam
1341 2126 1526 2178 haber03

142 2195 270 2258 plura
291 2199 406 2242 enim
430 2200 484 2244 de
507 2218 559 2245 eo
585 2201 752 2262 loquar.
771 2223 791 2244 »
816 2205 908 2248 Nec
929 2205 1165 2265 quicquam
1188 2205 1324 2262 ultra,
1348 2216 1424 2250 aut
1446 2217 1527 2251 sta-

142 2279 220 2323 tim
245 2289 320 2323 aut
343 2290 512 2341 postea,
540 2283 778 2342 inquisivit.
804 2285 980 2328 Tiberio
1004 2302 1179 2346 quoque
1204 2286 1256 2330 de
1280 2286 1429 2331 cadem
1455 2305 1524 2343 re,

141 2359 216 2404 sed
243 2359 502 2418 violentius,
532 2363 649 2423 apud
682 2381 726 2407 sc
756 2381 832 2424 pcr
861 2364 1087 2425 epistolam
1118 2368 1435 2427 conquerenti,
1467 2368 1524 2411 ita

142 2441 362 2504 rescripsit
387 2460 396 2486 :
423 2443 591 2487 «AEtati
615 2454 717 2501 tuce,
745 2446 802 2488 mi
827 2445 993 2501 Tiberi,
1020 2445 1108 2489 noli
1135 2447 1178 2489 in
1204 2448 1284 2490 hac
1307 2464 1353 2491 re
1378 2447 1524 2490 indul-

141 2539 264 2583 gere,
292 2533 335 2568 et
364 2524 547 2568 nimium
579 2525 819 2586 indignari,
848 2544 1111 2587 quemquam
1138 2544 1247 2582 esse,
1277 2529 1350 2588 qui
1377 2528 1429 2572 de
1455 2545 1522 2573 mc

143 2603 253 2648 male
276 2603 497 2666 loquatur:
523 2606 636 2649 Satis
661 2616 725 2650 est
749 2607 888 2663 enim,
918 2609 949 2650 si
978 2607 1061 2651 hoc
1086 2607 1318 2664 habemus,
1345 2625 1397 2652 ue
1422 2610 1519 2669 quis

145 2685 268 2729 nobis
295 2684 406 2730 male
433 2685 572 2729 facere
600 2687 786 2746 possit.»

1315 2767 1355 2812 6.
