<?xml version="1.0" encoding="UTF-8"?>
<!DOCTYPE html PUBLIC "-//W3C//DTD XHTML 1.0 Transitional//EN"
    "http://www.w3.org/TR/xhtml1/DTD/xhtml1-transitional.dtd">
<html xmlns="http://www.w3.org/1999/xhtml" xml:lang="en" lang="en">
 <head>
  <title>
</title>
<meta http-equiv="Content-Type" content="text/html;charset=utf-8" />
  <meta name='ocr-system' content='tesseract 3.04.00' />
  <meta name='ocr-capabilities' content='ocr_page ocr_carea ocr_par ocr_line ocrx_word'/>
</head>
<body>
  <div class='ocr_page' id='page_1' title='image "./operagro00suetuoft_0601.png"; bbox 0 0 1988 3407; ppageno 0'>
   <div class='ocr_carea' id='block_1_1' title="bbox 728 296 1076 336">
    <p class='ocr_par' dir='ltr' id='par_1_1' title="bbox 728 296 1076 336">
     <span class='ocr_line' id='line_1_1' title="bbox 728 296 1076 336; baseline 0.017 -6"><span class='ocrx_word' id='word_1_1' title='bbox 728 296 781 330; x_wconf 79' lang='grc' dir='ltr'>ΙΝ</span> <span class='ocrx_word' id='word_1_2' title='bbox 812 298 1076 336; x_wconf 78' lang='lat' dir='ltr'>OTHONEM.</span> 
     </span>
    </p>
   </div>
   <div class='ocr_carea' id='block_1_2' title="bbox 693 461 1105 510">
    <p class='ocr_par' dir='ltr' id='par_1_2' title="bbox 693 461 1105 510">
     <span class='ocr_line' id='line_1_2' title="bbox 693 461 1105 510; baseline 0.022 -8"><span class='ocrx_word' id='word_1_3' title='bbox 693 461 754 502; x_wconf 86' lang='lat' dir='ltr'>IN</span> <span class='ocrx_word' id='word_1_4' title='bbox 791 462 1105 510; x_wconf 88' lang='lat' dir='ltr'><strong>OTHONEM.</strong></span> 
     </span>
    </p>
   </div>
   <div class='ocr_carea' id='block_1_3' title="bbox 256 617 1585 695">
    <p class='ocr_par' dir='ltr' id='par_1_3' title="bbox 256 617 1585 695">
     <span class='ocr_line' id='line_1_3' title="bbox 256 617 1585 695; baseline 0.026 -44"><span class='ocrx_word' id='word_1_5' title='bbox 256 617 339 653; x_wconf 70' lang='lat' dir='ltr'>Cn.</span> <span class='ocrx_word' id='word_1_6' title='bbox 363 621 390 655; x_wconf 94' lang='lat' dir='ltr'><strong>I.</strong></span> <span class='ocrx_word' id='word_1_7' title='bbox 407 621 612 657; x_wconf 80' lang='lat' dir='ltr'><em>Ferentino.</em></span> <span class='ocrx_word' id='word_1_8' title='bbox 629 623 745 659; x_wconf 84' lang='lat' dir='ltr'><strong>Tacit.</strong></span> <span class='ocrx_word' id='word_1_9' title='bbox 760 652 769 669; x_wconf 93' lang='lat'>,</span> <span class='ocrx_word' id='word_1_10' title='bbox 787 627 880 662; x_wconf 79' lang='lat' dir='ltr'><strong>Hist.</strong></span> <span class='ocrx_word' id='word_1_11' title='bbox 895 655 905 670; x_wconf 90' lang='lat'><em>‚</em></span> <span class='ocrx_word' id='word_1_12' title='bbox 926 641 976 674; x_wconf 88' lang='lat'>11,</span> <span class='ocrx_word' id='word_1_13' title='bbox 998 629 1046 666; x_wconf 88' lang='lat'>50</span> <span class='ocrx_word' id='word_1_14' title='bbox 1070 646 1077 666; x_wconf 71' lang='grc' dir='ltr'>ς</span> <span class='ocrx_word' id='word_1_15' title='bbox 1099 634 1247 685; x_wconf 84' lang='lat' dir='ltr'>«Origo</span> <span class='ocrx_word' id='word_1_16' title='bbox 1267 637 1319 673; x_wconf 90' lang='lat' dir='ltr'>illi</span> <span class='ocrx_word' id='word_1_17' title='bbox 1339 653 1359 676; x_wconf 88' lang='lat' dir='ltr'>e</span> <span class='ocrx_word' id='word_1_18' title='bbox 1377 644 1585 695; x_wconf 88' lang='lat' dir='ltr'>municipio</span> 
     </span>
    </p>
   </div>
   <div class='ocr_carea' id='block_1_4' title="bbox 199 679 1584 855">
    <p class='ocr_par' dir='ltr' id='par_1_4' title="bbox 199 679 1584 855">
     <span class='ocr_line' id='line_1_4' title="bbox 204 679 1584 747; baseline 0.02 -36"><span class='ocrx_word' id='word_1_19' title='bbox 204 679 413 716; x_wconf 78' lang='lat' dir='ltr'>Ferentino.</span> <span class='ocrx_word' id='word_1_20' title='bbox 429 697 447 713; x_wconf 78' lang='lat' dir='ltr'>n</span> <span class='ocrx_word' id='word_1_21' title='bbox 468 683 582 727; x_wconf 89' lang='lat' dir='ltr'>Quod</span> <span class='ocrx_word' id='word_1_22' title='bbox 605 692 684 720; x_wconf 81' lang='lat' dir='ltr'>erat</span> <span class='ocrx_word' id='word_1_23' title='bbox 705 687 891 734; x_wconf 90' lang='lat' dir='ltr'>oppidum</span> <span class='ocrx_word' id='word_1_24' title='bbox 914 691 1072 728; x_wconf 86' lang='lat' dir='ltr'>Etruriae</span> <span class='ocrx_word' id='word_1_25' title='bbox 1101 707 1110 729; x_wconf 75' lang='grc' dir='ltr'><em>τ</em></span> <span class='ocrx_word' id='word_1_26' title='bbox 1139 695 1236 733; x_wconf 88' lang='lat' dir='ltr'>inter</span> <span class='ocrx_word' id='word_1_27' title='bbox 1262 701 1410 741; x_wconf 84' lang='lat' dir='ltr'>Fesulas</span> <span class='ocrx_word' id='word_1_28' title='bbox 1430 714 1467 742; x_wconf 87' lang='lat' dir='ltr'>et</span> <span class='ocrx_word' id='word_1_29' title='bbox 1494 710 1584 747; x_wconf 89' lang='lat' dir='ltr'><strong>Fes..</strong></span> 
     </span>
     <span class='ocr_line' id='line_1_5' title="bbox 199 742 1582 815; baseline 0.025 -41"><span class='ocrx_word' id='word_1_30' title='bbox 199 742 368 777; x_wconf 81' lang='lat' dir='ltr'>cenniam</span> <span class='ocrx_word' id='word_1_31' title='bbox 391 743 502 779; x_wconf 86' lang='lat' dir='ltr'>fuisse</span> <span class='ocrx_word' id='word_1_32' title='bbox 532 746 709 782; x_wconf 85' lang='lat' dir='ltr'>creditur.</span> <span class='ocrx_word' id='word_1_33' title='bbox 741 748 796 783; x_wconf 89' lang='lat' dir='ltr'>Cf.</span> <span class='ocrx_word' id='word_1_34' title='bbox 827 752 954 797; x_wconf 62' lang='lat' dir='ltr'>Pum,</span> <span class='ocrx_word' id='word_1_35' title='bbox 989 755 1034 790; x_wconf 89' lang='lat' dir='ltr'>H.</span> <span class='ocrx_word' id='word_1_36' title='bbox 1060 756 1133 800; x_wconf 88' lang='lat' dir='ltr'>N.,</span> <span class='ocrx_word' id='word_1_37' title='bbox 1160 771 1231 805; x_wconf 90' lang='lat'>111,</span> <span class='ocrx_word' id='word_1_38' title='bbox 1260 760 1301 805; x_wconf 87' lang='lat'>5,</span> <span class='ocrx_word' id='word_1_39' title='bbox 1331 772 1367 800; x_wconf 91' lang='lat' dir='ltr'>et</span> <span class='ocrx_word' id='word_1_40' title='bbox 1395 768 1582 815; x_wconf 50' lang='lat' dir='ltr'>Catum,</span> 
     </span>
     <span class='ocr_line' id='line_1_6' title="bbox 200 802 778 855; baseline 0.017 -19"><span class='ocrx_word' id='word_1_41' title='bbox 200 802 332 851; x_wconf 78' lang='lat' dir='ltr'>Geogr.</span> <span class='ocrx_word' id='word_1_42' title='bbox 357 808 466 849; x_wconf 84' lang='lat' dir='ltr'><strong>Ant.‚</strong></span> <span class='ocrx_word' id='word_1_43' title='bbox 491 819 542 851; x_wconf 80' lang='grc' dir='ltr'>ιι,</span> <span class='ocrx_word' id='word_1_44' title='bbox 569 819 605 855; x_wconf 88' lang='lat'>9,</span> <span class='ocrx_word' id='word_1_45' title='bbox 626 821 663 855; x_wconf 92' lang='lat' dir='ltr'>p.</span> <span class='ocrx_word' id='word_1_46' title='bbox 693 811 778 852; x_wconf 79' lang='lat'><strong>725.</strong></span> 
     </span>
    </p>
   </div>
   <div class='ocr_carea' id='block_1_5' title="bbox 195 865 1578 971">
    <p class='ocr_par' dir='ltr' id='par_1_5' title="bbox 195 865 1578 971">
     <span class='ocr_line' id='line_1_7' title="bbox 248 865 1578 941; baseline 0.026 -44"><span class='ocrx_word' id='word_1_47' title='bbox 248 865 363 900; x_wconf 82' lang='lat' dir='ltr'>Aliud</span> <span class='ocrx_word' id='word_1_48' title='bbox 391 873 444 902; x_wconf 88' lang='lat' dir='ltr'>est</span> <span class='ocrx_word' id='word_1_49' title='bbox 473 868 713 906; x_wconf 87' lang='lat' dir='ltr'>Ferentinum</span> <span class='ocrx_word' id='word_1_50' title='bbox 739 874 835 909; x_wconf 74' lang='lat' dir='ltr'>Latii</span> <span class='ocrx_word' id='word_1_51' title='bbox 854 875 892 910; x_wconf 90' lang='lat' dir='ltr'>in</span> <span class='ocrx_word' id='word_1_52' title='bbox 911 878 1102 926; x_wconf 87' lang='lat' dir='ltr'>Hernicis,</span> <span class='ocrx_word' id='word_1_53' title='bbox 1129 881 1176 917; x_wconf 90' lang='lat' dir='ltr'>de</span> <span class='ocrx_word' id='word_1_54' title='bbox 1196 896 1275 931; x_wconf 87' lang='lat' dir='ltr'>quo</span> <span class='ocrx_word' id='word_1_55' title='bbox 1296 888 1449 938; x_wconf 85' lang='lat' dir='ltr'>Cellar.,</span> <span class='ocrx_word' id='word_1_56' title='bbox 1470 895 1578 941; x_wconf 60' lang='lat' dir='ltr'>ibid,</span> 
     </span>
     <span class='ocr_line' id='line_1_8' title="bbox 195 924 339 971; baseline 0.042 -15"><span class='ocrx_word' id='word_1_57' title='bbox 195 936 230 970; x_wconf 88' lang='lat' dir='ltr'>p.</span> <span class='ocrx_word' id='word_1_58' title='bbox 253 924 339 971; x_wconf 86' lang='lat'><strong>807.</strong></span> 
     </span>
    </p>
   </div>
   <div class='ocr_carea' id='block_1_6' title="bbox 191 987 1577 1092">
    <p class='ocr_par' dir='ltr' id='par_1_6' title="bbox 191 987 1577 1092">
     <span class='ocr_line' id='line_1_9' title="bbox 250 987 1577 1065; baseline 0.027 -45"><span class='ocrx_word' id='word_1_59' title='bbox 250 987 428 1025; x_wconf 85' lang='lat' dir='ltr'>Urbanos.</span> <span class='ocrx_word' id='word_1_60' title='bbox 452 991 496 1026; x_wconf 89' lang='lat' dir='ltr'>H.</span> <span class='ocrx_word' id='word_1_61' title='bbox 533 1005 564 1028; x_wconf 89' lang='lat' dir='ltr'>e.</span> <span class='ocrx_word' id='word_1_62' title='bbox 595 993 633 1029; x_wconf 91' lang='lat' dir='ltr'>in</span> <span class='ocrx_word' id='word_1_63' title='bbox 661 996 766 1032; x_wconf 82' lang='lat' dir='ltr'>Urbe</span> <span class='ocrx_word' id='word_1_64' title='bbox 786 999 866 1047; x_wconf 84' lang='lat' dir='ltr'>geri</span> <span class='ocrx_word' id='word_1_65' title='bbox 889 1001 1043 1047; x_wconf 82' lang='lat' dir='ltr'>solitos3</span> <span class='ocrx_word' id='word_1_66' title='bbox 1064 1006 1140 1041; x_wconf 89' lang='lat' dir='ltr'>scil.</span> <span class='ocrx_word' id='word_1_67' title='bbox 1171 1008 1406 1062; x_wconf 73' lang='lat' dir='ltr'>aedilitatem,</span> <span class='ocrx_word' id='word_1_68' title='bbox 1432 1027 1577 1065; x_wconf 77' lang='lat' dir='ltr'>praetu—</span> 
     </span>
     <span class='ocr_line' id='line_1_10' title="bbox 191 1053 568 1092; baseline 0.027 -12"><span class='ocrx_word' id='word_1_69' title='bbox 191 1057 292 1092; x_wconf 84' lang='lat' dir='ltr'>ram,</span> <span class='ocrx_word' id='word_1_70' title='bbox 317 1053 568 1090; x_wconf 84' lang='lat' dir='ltr'>consulatum.</span> 
     </span>
    </p>
   </div>
   <div class='ocr_carea' id='block_1_7' title="bbox 245 1109 1435 1179">
    <p class='ocr_par' dir='ltr' id='par_1_7' title="bbox 245 1109 1435 1179">
     <span class='ocr_line' id='line_1_11' title="bbox 245 1109 1435 1179; baseline 0.028 -36"><span class='ocrx_word' id='word_1_71' title='bbox 245 1109 407 1148; x_wconf 81' lang='lat' dir='ltr'>Camilli.</span> <span class='ocrx_word' id='word_1_72' title='bbox 431 1115 576 1164; x_wconf 88' lang='lat' dir='ltr'><strong>Nempe</strong></span> <span class='ocrx_word' id='word_1_73' title='bbox 603 1120 862 1169; x_wconf 80' lang='lat' dir='ltr'>Scriboniani,</span> <span class='ocrx_word' id='word_1_74' title='bbox 884 1125 931 1161; x_wconf 92' lang='lat' dir='ltr'>de</span> <span class='ocrx_word' id='word_1_75' title='bbox 952 1140 1030 1174; x_wconf 91' lang='lat' dir='ltr'>quo</span> <span class='ocrx_word' id='word_1_76' title='bbox 1051 1130 1138 1168; x_wconf 84' lang='lat' dir='ltr'>vide</span> <span class='ocrx_word' id='word_1_77' title='bbox 1159 1134 1291 1171; x_wconf 83' lang='lat' dir='ltr'><em>Claud.</em></span> <span class='ocrx_word' id='word_1_78' title='bbox 1307 1164 1317 1179; x_wconf 94' lang='lat'><strong><em>‚</em></strong></span> <span class='ocrx_word' id='word_1_79' title='bbox 1346 1151 1435 1176; x_wconf 75' lang='lat' dir='ltr'><strong>xut.</strong></span> 
     </span>
    </p>
   </div>
   <div class='ocr_carea' id='block_1_8' title="bbox 159 1171 1573 1344">
    <p class='ocr_par' dir='ltr' id='par_1_8' title="bbox 159 1171 1573 1344">
     <span class='ocr_line' id='line_1_12' title="bbox 240 1171 1573 1244; baseline 0.028 -39"><span class='ocrx_word' id='word_1_80' title='bbox 240 1171 447 1221; x_wconf 78' lang='lat' dir='ltr'>Principia.</span> <span class='ocrx_word' id='word_1_81' title='bbox 470 1178 595 1215; x_wconf 88' lang='lat' dir='ltr'>Locus</span> <span class='ocrx_word' id='word_1_82' title='bbox 615 1181 652 1216; x_wconf 89' lang='lat' dir='ltr'>in</span> <span class='ocrx_word' id='word_1_83' title='bbox 667 1184 797 1220; x_wconf 83' lang='lat' dir='ltr'>castris</span> <span class='ocrx_word' id='word_1_84' title='bbox 823 1195 909 1235; x_wconf 89' lang='lat' dir='ltr'>post</span> <span class='ocrx_word' id='word_1_85' title='bbox 929 1192 1148 1235; x_wconf 86' lang='lat' dir='ltr'>praetorium</span> <span class='ocrx_word' id='word_1_86' title='bbox 1176 1203 1211 1230; x_wconf 87' lang='lat' dir='ltr'>et</span> <span class='ocrx_word' id='word_1_87' title='bbox 1233 1202 1477 1244; x_wconf 72' lang='lat' dir='ltr'>quaestorium</span> <span class='ocrx_word' id='word_1_88' title='bbox 1497 1218 1573 1242; x_wconf 88' lang='lat' dir='ltr'>no—</span> 
     </span>
     <span class='ocr_line' id='line_1_13' title="bbox 188 1231 1570 1308; baseline 0.027 -43"><span class='ocrx_word' id='word_1_89' title='bbox 188 1231 397 1271; x_wconf 87' lang='lat' dir='ltr'>bilissimus.</span> <span class='ocrx_word' id='word_1_90' title='bbox 420 1238 475 1273; x_wconf 90' lang='lat' dir='ltr'>Cf.</span> <span class='ocrx_word' id='word_1_91' title='bbox 497 1240 656 1287; x_wconf 60' lang='lat' dir='ltr'>Sinon„</span> <span class='ocrx_word' id='word_1_92' title='bbox 676 1245 724 1279; x_wconf 75' lang='lat' dir='ltr'>(Ie</span> <span class='ocrx_word' id='word_1_93' title='bbox 745 1249 832 1282; x_wconf 84' lang='lat' dir='ltr'>Ant.</span> <span class='ocrx_word' id='word_1_94' title='bbox 854 1250 928 1287; x_wconf 80' lang='lat' dir='ltr'>Jur,</span> <span class='ocrx_word' id='word_1_95' title='bbox 946 1252 1050 1287; x_wconf 58' lang='lat' dir='ltr'>Pron.</span> <span class='ocrx_word' id='word_1_96' title='bbox 1066 1280 1076 1295; x_wconf 89' lang='lat'>,</span> <span class='ocrx_word' id='word_1_97' title='bbox 1093 1267 1123 1289; x_wconf 88' lang='lat'>11</span> <span class='ocrx_word' id='word_1_98' title='bbox 1139 1284 1147 1300; x_wconf 88' lang='lat'>,</span> <span class='ocrx_word' id='word_1_99' title='bbox 1163 1257 1204 1301; x_wconf 88' lang='lat'>6,</span> <span class='ocrx_word' id='word_1_100' title='bbox 1221 1266 1255 1292; x_wconf 84' lang='lat' dir='ltr'>et</span> <span class='ocrx_word' id='word_1_101' title='bbox 1277 1261 1397 1308; x_wconf 76' lang='lat' dir='ltr'>1.11›s.‚</span> <span class='ocrx_word' id='word_1_102' title='bbox 1417 1265 1466 1300; x_wconf 88' lang='lat' dir='ltr'>de</span> <span class='ocrx_word' id='word_1_103' title='bbox 1496 1267 1570 1304; x_wconf 60' lang='lat' dir='ltr'><em>vlit.</em></span> 
     </span>
     <span class='ocr_line' id='line_1_14' title="bbox 159 1292 431 1344; baseline 0.033 -19"><span class='ocrx_word' id='word_1_104' title='bbox 159 1340 162 1344; x_wconf 50' lang='lat'><strong>.</strong></span> <span class='ocrx_word' id='word_1_105' title='bbox 185 1292 311 1337; x_wconf 64' lang='lat' dir='ltr'>Rom„</span> <span class='ocrx_word' id='word_1_106' title='bbox 332 1309 370 1341; x_wconf 73' lang='lat' dir='ltr'>V,</span> <span class='ocrx_word' id='word_1_107' title='bbox 397 1303 431 1340; x_wconf 68' lang='grc' dir='ltr'>Ι..</span> 
     </span>
    </p>
   </div>
   <div class='ocr_carea' id='block_1_9' title="bbox 185 1356 1569 1472">
    <p class='ocr_par' dir='ltr' id='par_1_9' title="bbox 185 1356 1569 1472">
     <span class='ocr_line' id='line_1_15' title="bbox 239 1356 1569 1428; baseline 0.029 -38"><span class='ocrx_word' id='word_1_108' title='bbox 239 1356 458 1404; x_wconf 81' lang='lat' dir='ltr'>Splendida.</span> <span class='ocrx_word' id='word_1_109' title='bbox 489 1364 574 1400; x_wconf 81' lang='lat' dir='ltr'>scil.</span> <span class='ocrx_word' id='word_1_110' title='bbox 605 1369 713 1414; x_wconf 91' lang='lat' dir='ltr'>quod</span> <span class='ocrx_word' id='word_1_111' title='bbox 734 1374 898 1418; x_wconf 86' lang='lat' dir='ltr'>equestri</span> <span class='ocrx_word' id='word_1_112' title='bbox 917 1386 1053 1422; x_wconf 84' lang='lat' dir='ltr'>genere</span> <span class='ocrx_word' id='word_1_113' title='bbox 1083 1387 1164 1415; x_wconf 84' lang='lat' dir='ltr'>orta</span> <span class='ocrx_word' id='word_1_114' title='bbox 1187 1391 1285 1425; x_wconf 80' lang='lat' dir='ltr'>erat,</span> <span class='ocrx_word' id='word_1_115' title='bbox 1310 1388 1370 1422; x_wconf 90' lang='lat' dir='ltr'>cui</span> <span class='ocrx_word' id='word_1_116' title='bbox 1393 1395 1569 1428; x_wconf 77' lang='lat' dir='ltr'>convenit</span> 
     </span>
     <span class='ocr_line' id='line_1_16' title="bbox 185 1419 666 1472; baseline 0.029 -20"><span class='ocrx_word' id='word_1_117' title='bbox 185 1419 412 1457; x_wconf 81' lang='lat' dir='ltr'>vocabulum</span> <span class='ocrx_word' id='word_1_118' title='bbox 435 1428 666 1472; x_wconf 79' lang='lat' dir='ltr'>splendidus.</span> 
     </span>
    </p>
   </div>
   <div class='ocr_carea' id='block_1_10' title="bbox 234 1481 896 1540">
    <p class='ocr_par' dir='ltr' id='par_1_10' title="bbox 234 1481 896 1540">
     <span class='ocr_line' id='line_1_17' title="bbox 234 1481 896 1540; baseline 0.026 -24"><span class='ocrx_word' id='word_1_119' title='bbox 234 1481 318 1517; x_wconf 71' lang='lat' dir='ltr'><strong>CAP.</strong></span> <span class='ocrx_word' id='word_1_120' title='bbox 345 1486 392 1519; x_wconf 89' lang='lat'>11.</span> <span class='ocrx_word' id='word_1_121' title='bbox 418 1486 644 1527; x_wconf 75' lang='lat' dir='ltr'>Consulibus.</span> <span class='ocrx_word' id='word_1_122' title='bbox 665 1495 710 1528; x_wconf 88' lang='lat' dir='ltr'>A.</span> <span class='ocrx_word' id='word_1_123' title='bbox 733 1494 780 1530; x_wconf 91' lang='lat' dir='ltr'>U.</span> <span class='ocrx_word' id='word_1_124' title='bbox 813 1496 896 1540; x_wconf 79' lang='lat'><strong>785.</strong></span> 
     </span>
    </p>
   </div>
   <div class='ocr_carea' id='block_1_11' title="bbox 232 1543 874 1601">
    <p class='ocr_par' dir='ltr' id='par_1_11' title="bbox 232 1543 874 1601">
     <span class='ocr_line' id='line_1_18' title="bbox 232 1543 874 1601; baseline 0.025 -23"><span class='ocrx_word' id='word_1_125' title='bbox 232 1543 390 1581; x_wconf 79' lang='lat' dir='ltr'>Momm.</span> <span class='ocrx_word' id='word_1_126' title='bbox 424 1550 563 1596; x_wconf 89' lang='lat' dir='ltr'>Tacit.,</span> <span class='ocrx_word' id='word_1_127' title='bbox 593 1554 685 1589; x_wconf 81' lang='lat' dir='ltr'>Hist.</span> <span class='ocrx_word' id='word_1_128' title='bbox 708 1582 718 1597; x_wconf 94' lang='lat'><em>‚</em></span> <span class='ocrx_word' id='word_1_129' title='bbox 748 1569 759 1590; x_wconf 89' lang='lat'>1</span> <span class='ocrx_word' id='word_1_130' title='bbox 780 1586 788 1601; x_wconf 82' lang='lat'>,</span> <span class='ocrx_word' id='word_1_131' title='bbox 832 1560 874 1594; x_wconf 79' lang='lat'>13</span> 
     </span>
    </p>
   </div>
   <div class='ocr_carea' id='block_1_12' title="bbox 177 1564 1565 1641">
    <p class='ocr_par' dir='ltr' id='par_1_12' title="bbox 177 1564 1565 1641">
     <span class='ocr_line' id='line_1_19' title="bbox 910 1564 1565 1617; baseline 0.035 -23"><span class='ocrx_word' id='word_1_132' title='bbox 910 1574 917 1594; x_wconf 93' lang='lat'>:</span> <span class='ocrx_word' id='word_1_133' title='bbox 955 1564 1120 1603; x_wconf 80' lang='lat' dir='ltr'>«Gratus</span> <span class='ocrx_word' id='word_1_134' title='bbox 1156 1571 1298 1608; x_wconf 78' lang='lat' dir='ltr'>Neroni</span> <span class='ocrx_word' id='word_1_135' title='bbox 1330 1579 1565 1617; x_wconf 71' lang='lat' dir='ltr'>aemulatione</span> 
     </span>
     <span class='ocr_line' id='line_1_20' title="bbox 177 1602 328 1641; baseline 0.033 -4"><span class='ocrx_word' id='word_1_136' title='bbox 177 1602 328 1641; x_wconf 76' lang='lat' dir='ltr'>luxus.»</span> 
     </span>
    </p>
   </div>
   <div class='ocr_carea' id='block_1_13' title="bbox 163 1667 1562 2276">
    <p class='ocr_par' dir='ltr' id='par_1_13' title="bbox 175 1667 1562 1786">
     <span class='ocr_line' id='line_1_21' title="bbox 229 1667 1562 1740; baseline 0.029 -39"><span class='ocrx_word' id='word_1_137' title='bbox 229 1667 520 1708; x_wconf 83' lang='lat' dir='ltr'>Restitutionem.</span> <span class='ocrx_word' id='word_1_138' title='bbox 542 1674 598 1710; x_wconf 89' lang='lat' dir='ltr'>Sc.</span> <span class='ocrx_word' id='word_1_139' title='bbox 625 1676 662 1711; x_wconf 91' lang='lat' dir='ltr'>in</span> <span class='ocrx_word' id='word_1_140' title='bbox 677 1687 866 1727; x_wconf 85' lang='lat' dir='ltr'>senatum,</span> <span class='ocrx_word' id='word_1_141' title='bbox 887 1696 966 1731; x_wconf 90' lang='lat' dir='ltr'>quo</span> <span class='ocrx_word' id='word_1_142' title='bbox 987 1696 1112 1725; x_wconf 84' lang='lat' dir='ltr'>motus</span> <span class='ocrx_word' id='word_1_143' title='bbox 1134 1692 1258 1730; x_wconf 85' lang='lat' dir='ltr'>fuerat</span> <span class='ocrx_word' id='word_1_144' title='bbox 1278 1697 1336 1732; x_wconf 89' lang='lat' dir='ltr'>vir</span> <span class='ocrx_word' id='word_1_145' title='bbox 1355 1698 1416 1734; x_wconf 90' lang='lat' dir='ltr'>ille</span> <span class='ocrx_word' id='word_1_146' title='bbox 1431 1701 1480 1736; x_wconf 92' lang='lat' dir='ltr'>ob</span> <span class='ocrx_word' id='word_1_147' title='bbox 1500 1716 1562 1740; x_wconf 86' lang='lat' dir='ltr'>re-</span> 
     </span>
     <span class='ocr_line' id='line_1_22' title="bbox 175 1730 982 1786; baseline 0.025 -24"><span class='ocrx_word' id='word_1_148' title='bbox 175 1730 432 1774; x_wconf 83' lang='lat' dir='ltr'>petundarum</span> <span class='ocrx_word' id='word_1_149' title='bbox 453 1735 606 1771; x_wconf 79' lang='lat' dir='ltr'>crimen.</span> <span class='ocrx_word' id='word_1_150' title='bbox 639 1740 694 1774; x_wconf 85' lang='lat' dir='ltr'>Cf.</span> <span class='ocrx_word' id='word_1_151' title='bbox 719 1742 837 1786; x_wconf 81' lang='lat' dir='ltr'><strong>Coes.,</strong></span> <span class='ocrx_word' id='word_1_152' title='bbox 866 1758 982 1782; x_wconf 72' lang='lat' dir='ltr'><strong>xum.</strong></span> 
     </span>
    </p>

    <p class='ocr_par' dir='ltr' id='par_1_14' title="bbox 173 1791 1555 1904">
     <span class='ocr_line' id='line_1_23' title="bbox 228 1791 1555 1865; baseline 0.027 -42"><span class='ocrx_word' id='word_1_153' title='bbox 228 1791 312 1826; x_wconf 67' lang='lat' dir='ltr'><strong>Cu».</strong></span> <span class='ocrx_word' id='word_1_154' title='bbox 333 1792 402 1827; x_wconf 87' lang='lat'><strong>111.</strong></span> <span class='ocrx_word' id='word_1_155' title='bbox 426 1795 654 1833; x_wconf 57' lang='lat' dir='ltr'>lfa-clusisse.</span> <span class='ocrx_word' id='word_1_156' title='bbox 683 1800 738 1835; x_wconf 85' lang='lat' dir='ltr'>Cf.</span> <span class='ocrx_word' id='word_1_157' title='bbox 769 1805 988 1843; x_wconf 55' lang='lat' dir='ltr'>Prummu.</span> <span class='ocrx_word' id='word_1_158' title='bbox 1018 1811 1054 1845; x_wconf 89' lang='lat' dir='ltr'>in</span> <span class='ocrx_word' id='word_1_159' title='bbox 1078 1814 1218 1860; x_wconf 74' lang='lat' dir='ltr'>Galba,</span> <span class='ocrx_word' id='word_1_160' title='bbox 1249 1830 1285 1864; x_wconf 85' lang='lat' dir='ltr'><strong>p.</strong></span> <span class='ocrx_word' id='word_1_161' title='bbox 1320 1821 1411 1857; x_wconf 84' lang='lat'>1061</span> <span class='ocrx_word' id='word_1_162' title='bbox 1438 1837 1445 1857; x_wconf 90' lang='lat'>:</span> <span class='ocrx_word' id='word_1_163' title='bbox 1470 1830 1555 1865; x_wconf 55' lang='grc' dir='ltr'>οὐδὲ</span> 
     </span>
     <span class='ocr_line' id='line_1_24' title="bbox 173 1854 672 1904; baseline 0.022 -16"><span class='ocrx_word' id='word_1_164' title='bbox 173 1857 270 1895; x_wconf 76' lang='grc' dir='ltr'>αὐτῆς</span> <span class='ocrx_word' id='word_1_165' title='bbox 290 1854 348 1891; x_wconf 70' lang='grc' dir='ltr'>διὰ</span> <span class='ocrx_word' id='word_1_166' title='bbox 368 1861 404 1892; x_wconf 74' lang='grc' dir='ltr'>τὸ</span> <span class='ocrx_word' id='word_1_167' title='bbox 426 1865 672 1904; x_wconf 68' lang='grc' dir='ltr'>φιλακόλαστον.</span> 
     </span>
    </p>

    <p class='ocr_par' dir='ltr' id='par_1_15' title="bbox 225 1915 991 1978">
     <span class='ocr_line' id='line_1_25' title="bbox 225 1915 991 1978; baseline 0.026 -31"><span class='ocrx_word' id='word_1_168' title='bbox 225 1915 270 1948; x_wconf 79' lang='lat' dir='ltr'>In</span> <span class='ocrx_word' id='word_1_169' title='bbox 292 1915 537 1954; x_wconf 77' lang='lat' dir='ltr'>Lusitaniam.</span> <span class='ocrx_word' id='word_1_170' title='bbox 567 1921 622 1956; x_wconf 83' lang='lat' dir='ltr'>Cf.</span> <span class='ocrx_word' id='word_1_171' title='bbox 644 1923 798 1971; x_wconf 50' lang='lat' dir='ltr'>Tincta,</span> <span class='ocrx_word' id='word_1_172' title='bbox 826 1929 888 1964; x_wconf 92' lang='lat' dir='ltr'>ub.</span> <span class='ocrx_word' id='word_1_173' title='bbox 912 1944 991 1978; x_wconf 85' lang='lat' dir='ltr'>sup.</span> 
     </span>
    </p>

    <p class='ocr_par' dir='ltr' id='par_1_16' title="bbox 226 1975 1278 2037">
     <span class='ocr_line' id='line_1_26' title="bbox 226 1975 1278 2037; baseline 0.027 -28"><span class='ocrx_word' id='word_1_174' title='bbox 226 1975 302 2010; x_wconf 84' lang='lat' dir='ltr'>Per</span> <span class='ocrx_word' id='word_1_175' title='bbox 320 1978 448 2014; x_wconf 87' lang='lat' dir='ltr'>decem</span> <span class='ocrx_word' id='word_1_176' title='bbox 469 1993 601 2018; x_wconf 83' lang='lat' dir='ltr'>annos.</span> <span class='ocrx_word' id='word_1_177' title='bbox 624 1985 682 2019; x_wconf 82' lang='lat' dir='ltr'>Ab</span> <span class='ocrx_word' id='word_1_178' title='bbox 703 1989 747 2021; x_wconf 75' lang='lat' dir='ltr'><strong>A.</strong></span> <span class='ocrx_word' id='word_1_179' title='bbox 779 1990 823 2024; x_wconf 79' lang='lat' dir='ltr'><strong>U.</strong></span> <span class='ocrx_word' id='word_1_180' title='bbox 852 1990 896 2025; x_wconf 85' lang='lat'>81</span> <span class='ocrx_word' id='word_1_181' title='bbox 912 2005 922 2025; x_wconf 87' lang='grc' dir='ltr'><em>ι</em></span> <span class='ocrx_word' id='word_1_182' title='bbox 955 1994 1002 2028; x_wconf 88' lang='lat' dir='ltr'>ad</span> <span class='ocrx_word' id='word_1_183' title='bbox 1029 2009 1167 2032; x_wconf 79' lang='lat' dir='ltr'>annum</span> <span class='ocrx_word' id='word_1_184' title='bbox 1192 2001 1278 2037; x_wconf 79' lang='lat'><strong>821.</strong></span> 
     </span>
    </p>

    <p class='ocr_par' dir='ltr' id='par_1_17' title="bbox 167 2037 1550 2172">
     <span class='ocr_line' id='line_1_27' title="bbox 222 2037 1550 2122; baseline 0.025 -51"><span class='ocrx_word' id='word_1_185' title='bbox 222 2037 307 2073; x_wconf 53' lang='lat' dir='ltr'><strong>Cap.</strong></span> <span class='ocrx_word' id='word_1_186' title='bbox 330 2040 393 2074; x_wconf 85' lang='lat' dir='ltr'><strong>lv.</strong></span> <span class='ocrx_word' id='word_1_187' title='bbox 409 2045 584 2079; x_wconf 75' lang='lat' dir='ltr'>Accessit.</span> <span class='ocrx_word' id='word_1_188' title='bbox 607 2047 792 2084; x_wconf 77' lang='lat' dir='ltr'><strong>Plutarch.</strong></span> <span class='ocrx_word' id='word_1_189' title='bbox 807 2077 816 2094; x_wconf 89' lang='lat'>‚</span> <span class='ocrx_word' id='word_1_190' title='bbox 839 2053 902 2087; x_wconf 91' lang='lat' dir='ltr'>ub.</span> <span class='ocrx_word' id='word_1_191' title='bbox 925 2067 1004 2102; x_wconf 80' lang='lat' dir='ltr'>sup.</span> <span class='ocrx_word' id='word_1_192' title='bbox 1025 2057 1255 2106; x_wconf 44' lang='lat' dir='ltr'>:Amori-,fg</span> <span class='ocrx_word' id='word_1_193' title='bbox 1265 2067 1302 2102; x_wconf 65' lang='grc' dir='ltr'>δὲ</span> <span class='ocrx_word' id='word_1_194' title='bbox 1318 2072 1447 2115; x_wconf 47' lang='lat' dir='ltr'>raah,</span> <span class='ocrx_word' id='word_1_195' title='bbox 1467 2084 1550 2122; x_wconf 62' lang='grc' dir='ltr'>πρῶ-</span> 
     </span>
     <span class='ocr_line' id='line_1_28' title="bbox 167 2106 1422 2172; baseline 0.024 -37"><span class='ocrx_word' id='word_1_196' title='bbox 167 2117 220 2142; x_wconf 73' lang='grc' dir='ltr'>τις</span> <span class='ocrx_word' id='word_1_197' title='bbox 239 2106 334 2144; x_wconf 73' lang='grc' dir='ltr'>αὐτὸς</span> <span class='ocrx_word' id='word_1_198' title='bbox 354 2111 582 2155; x_wconf 44' lang='lat' dir='ltr'>azyme-Laium</span> <span class='ocrx_word' id='word_1_199' title='bbox 602 2119 664 2146; x_wconf 80' lang='grc' dir='ltr'>τῶν</span> <span class='ocrx_word' id='word_1_200' title='bbox 683 2117 858 2161; x_wconf 65' lang='grc' dir='ltr'>ἡγεμόνων.</span> <span class='ocrx_word' id='word_1_201' title='bbox 881 2114 982 2150; x_wconf 80' lang='lat' dir='ltr'>Idem</span> <span class='ocrx_word' id='word_1_202' title='bbox 1009 2119 1145 2166; x_wconf 80' lang='lat' dir='ltr'>Tacit.‚</span> <span class='ocrx_word' id='word_1_203' title='bbox 1167 2124 1257 2160; x_wconf 81' lang='lat' dir='ltr'>He&#39;st.</span> <span class='ocrx_word' id='word_1_204' title='bbox 1272 2153 1282 2168; x_wconf 77' lang='grc'>,</span> <span class='ocrx_word' id='word_1_205' title='bbox 1310 2139 1344 2172; x_wconf 86' lang='grc' dir='ltr'>ῐ,</span> <span class='ocrx_word' id='word_1_206' title='bbox 1365 2129 1422 2165; x_wconf 79' lang='lat'>13.</span> 
     </span>
    </p>

    <p class='ocr_par' dir='ltr' id='par_1_18' title="bbox 163 2160 1549 2276">
     <span class='ocr_line' id='line_1_29' title="bbox 221 2160 1549 2234; baseline 0.027 -40"><span class='ocrx_word' id='word_1_207' title='bbox 221 2160 377 2198; x_wconf 81' lang='lat' dir='ltr'>Seleuci.</span> <span class='ocrx_word' id='word_1_208' title='bbox 400 2167 519 2210; x_wconf 86' lang='lat' dir='ltr'>Quem</span> <span class='ocrx_word' id='word_1_209' title='bbox 542 2170 782 2207; x_wconf 80' lang='lat' dir='ltr'>Ptolemaeum</span> <span class='ocrx_word' id='word_1_210' title='bbox 803 2185 939 2211; x_wconf 80' lang='lat' dir='ltr'>vocant</span> <span class='ocrx_word' id='word_1_211' title='bbox 955 2180 1070 2214; x_wconf 85' lang='lat' dir='ltr'><strong>Tacit.</strong></span> <span class='ocrx_word' id='word_1_212' title='bbox 1084 2210 1092 2224; x_wconf 91' lang='lat'><em>‚</em></span> <span class='ocrx_word' id='word_1_213' title='bbox 1115 2184 1175 2218; x_wconf 90' lang='lat' dir='ltr'>ub.</span> <span class='ocrx_word' id='word_1_214' title='bbox 1195 2198 1298 2233; x_wconf 89' lang='lat' dir='ltr'>sup.,</span> <span class='ocrx_word' id='word_1_215' title='bbox 1319 2200 1365 2224; x_wconf 83' lang='lat'>22</span> <span class='ocrx_word' id='word_1_216' title='bbox 1380 2218 1388 2234; x_wconf 93' lang='lat'>,</span> <span class='ocrx_word' id='word_1_217' title='bbox 1404 2199 1438 2226; x_wconf 80' lang='lat' dir='ltr'>et</span> <span class='ocrx_word' id='word_1_218' title='bbox 1460 2195 1549 2229; x_wconf 80' lang='lat' dir='ltr'>Plu-</span> 
     </span>
     <span class='ocr_line' id='line_1_30' title="bbox 163 2223 714 2276; baseline 0.02 -20"><span class='ocrx_word' id='word_1_219' title='bbox 163 2223 303 2267; x_wconf 68' lang='lat' dir='ltr'>tarch,</span> <span class='ocrx_word' id='word_1_220' title='bbox 324 2225 388 2262; x_wconf 85' lang='lat' dir='ltr'>ub.</span> <span class='ocrx_word' id='word_1_221' title='bbox 417 2239 498 2274; x_wconf 84' lang='lat' dir='ltr'>sup.</span> <span class='ocrx_word' id='word_1_222' title='bbox 516 2258 524 2270; x_wconf 88' lang='grc'>,</span> <span class='ocrx_word' id='word_1_223' title='bbox 553 2242 590 2276; x_wconf 84' lang='lat' dir='ltr'><strong>p.</strong></span> <span class='ocrx_word' id='word_1_224' title='bbox 618 2234 714 2267; x_wconf 75' lang='lat'>1063</span> 
     </span>
    </p>
   </div>
   <div class='ocr_carea' id='block_1_14' title="bbox 159 2286 1325 2392">
    <p class='ocr_par' dir='ltr' id='par_1_19' title="bbox 159 2286 1325 2392">
     <span class='ocr_line' id='line_1_31' title="bbox 215 2286 1325 2355; baseline 0.025 -36"><span class='ocrx_word' id='word_1_225' title='bbox 215 2286 419 2323; x_wconf 80' lang='lat' dir='ltr'><em>Dividebat.</em></span> <span class='ocrx_word' id='word_1_226' title='bbox 448 2289 502 2325; x_wconf 86' lang='lat' dir='ltr'>Cf.</span> <span class='ocrx_word' id='word_1_227' title='bbox 533 2293 660 2328; x_wconf 77' lang='grc' dir='ltr'>ΤΛειτ.</span> <span class='ocrx_word' id='word_1_228' title='bbox 677 2323 685 2339; x_wconf 92' lang='grc'><strong>,</strong></span> <span class='ocrx_word' id='word_1_229' title='bbox 709 2297 826 2341; x_wconf 61' lang='lat' dir='ltr'>Hm,</span> <span class='ocrx_word' id='word_1_230' title='bbox 852 2314 886 2342; x_wconf 85' lang='lat'>1,</span> <span class='ocrx_word' id='word_1_231' title='bbox 919 2309 964 2346; x_wconf 68' lang='lat'>24</span> <span class='ocrx_word' id='word_1_232' title='bbox 980 2333 988 2345; x_wconf 82' lang='grc'>,</span> <span class='ocrx_word' id='word_1_233' title='bbox 1021 2312 1057 2339; x_wconf 84' lang='lat' dir='ltr'>et</span> <span class='ocrx_word' id='word_1_234' title='bbox 1083 2307 1325 2355; x_wconf 62' lang='lat' dir='ltr'>Pnunncm,</span> 
     </span>
     <span class='ocr_line' id='line_1_32' title="bbox 159 2347 333 2392; baseline 0.034 -13"><span class='ocrx_word' id='word_1_235' title='bbox 159 2358 195 2392; x_wconf 85' lang='lat' dir='ltr'><strong>p.</strong></span> <span class='ocrx_word' id='word_1_236' title='bbox 223 2347 333 2384; x_wconf 71' lang='lat'><em>10622</em></span> 
     </span>
    </p>
   </div>
   <div class='ocr_carea' id='block_1_15' title="bbox 213 2411 991 2471">
    <p class='ocr_par' dir='ltr' id='par_1_20' title="bbox 213 2411 991 2471">
     <span class='ocr_line' id='line_1_33' title="bbox 213 2411 991 2471; baseline 0.026 -28"><span class='ocrx_word' id='word_1_237' title='bbox 213 2411 341 2445; x_wconf 87' lang='lat' dir='ltr'><em>Alium</em></span> <span class='ocrx_word' id='word_1_238' title='bbox 361 2413 440 2446; x_wconf 83' lang='lat' dir='ltr'><em>alia</em></span> <span class='ocrx_word' id='word_1_239' title='bbox 461 2415 538 2449; x_wconf 75' lang='lat' dir='ltr'>via.</span> <span class='ocrx_word' id='word_1_240' title='bbox 567 2418 702 2463; x_wconf 55' lang='lat' dir='ltr'>Tacit„</span> <span class='ocrx_word' id='word_1_241' title='bbox 726 2422 786 2458; x_wconf 92' lang='lat' dir='ltr'>ub.</span> <span class='ocrx_word' id='word_1_242' title='bbox 811 2437 914 2471; x_wconf 62' lang='lat' dir='ltr'>sun,</span> <span class='ocrx_word' id='word_1_243' title='bbox 945 2427 991 2463; x_wconf 77' lang='lat'>23</span> 
     </span>
    </p>
   </div>
   <div class='ocr_carea' id='block_1_16' title="bbox 156 2469 930 2578">
    <p class='ocr_par' dir='ltr' id='par_1_21' title="bbox 156 2469 930 2578">
     <span class='ocr_line' id='line_1_34' title="bbox 157 2469 930 2529; baseline 0.022 -26"><span class='ocrx_word' id='word_1_244' title='bbox 157 2469 290 2515; x_wconf 77' lang='lat' dir='ltr'>lando,</span> <span class='ocrx_word' id='word_1_245' title='bbox 312 2472 403 2508; x_wconf 67' lang='lat' dir='ltr'>alios</span> <span class='ocrx_word' id='word_1_246' title='bbox 423 2488 646 2524; x_wconf 69' lang='lat' dir='ltr'>agnoscere,</span> <span class='ocrx_word' id='word_1_247' title='bbox 672 2483 858 2529; x_wconf 83' lang='lat' dir='ltr'>quosdam</span> <span class='ocrx_word' id='word_1_248' title='bbox 879 2500 930 2522; x_wconf 73' lang='lat' dir='ltr'>res</span> 
     </span>
     <span class='ocr_line' id='line_1_35' title="bbox 156 2531 403 2578; baseline 0.024 -14"><span class='ocrx_word' id='word_1_249' title='bbox 156 2531 205 2567; x_wconf 83' lang='lat' dir='ltr'>tia</span> <span class='ocrx_word' id='word_1_250' title='bbox 234 2532 368 2578; x_wconf 75' lang='lat' dir='ltr'>juvare</span> <span class='ocrx_word' id='word_1_251' title='bbox 395 2548 403 2570; x_wconf 88' lang='lat'>:</span> 
     </span>
    </p>
   </div>
   <div class='ocr_carea' id='block_1_17' title="bbox 1350 2315 1544 2365">
    <p class='ocr_par' dir='ltr' id='par_1_22' title="bbox 1350 2315 1544 2365">
     <span class='ocr_line' id='line_1_36' title="bbox 1350 2315 1544 2365; baseline 0.041 -18"><span class='ocrx_word' id='word_1_252' title='bbox 1350 2315 1409 2349; x_wconf 81' lang='lat' dir='ltr'>nb.</span> <span class='ocrx_word' id='word_1_253' title='bbox 1439 2331 1519 2365; x_wconf 71' lang='lat' dir='ltr'>sup.</span> <span class='ocrx_word' id='word_1_254' title='bbox 1535 2348 1544 2364; x_wconf 90' lang='lat'>,</span> 
     </span>
    </p>
   </div>
   <div class='ocr_carea' id='block_1_18' title="bbox 153 2431 1539 2661">
    <p class='ocr_par' dir='ltr' id='par_1_23' title="bbox 153 2431 1539 2661">
     <span class='ocr_line' id='line_1_37' title="bbox 1015 2431 1539 2487; baseline 0.029 -25"><span class='ocrx_word' id='word_1_255' title='bbox 1015 2441 1022 2462; x_wconf 76' lang='grc' dir='ltr'>ε</span> <span class='ocrx_word' id='word_1_256' title='bbox 1050 2446 1062 2458; x_wconf 81' lang='lat'>‹-</span> <span class='ocrx_word' id='word_1_257' title='bbox 1079 2431 1378 2472; x_wconf 71' lang='lat' dir='ltr'>Contubernales</span> <span class='ocrx_word' id='word_1_258' title='bbox 1403 2443 1539 2487; x_wconf 80' lang='lat' dir='ltr'>appel—</span> 
     </span>
     <span class='ocr_line' id='line_1_38' title="bbox 936 2489 1539 2550; baseline 0.028 -28"><span class='ocrx_word' id='word_1_259' title='bbox 936 2489 1096 2535; x_wconf 61' lang='lat' dir='ltr'>{niret-e,</span> <span class='ocrx_word' id='word_1_260' title='bbox 1124 2500 1160 2527; x_wconf 84' lang='lat' dir='ltr'>et</span> <span class='ocrx_word' id='word_1_261' title='bbox 1179 2496 1334 2540; x_wconf 69' lang='lat' dir='ltr'>pecunia</span> <span class='ocrx_word' id='word_1_262' title='bbox 1358 2506 1422 2535; x_wconf 87' lang='lat' dir='ltr'>aut</span> <span class='ocrx_word' id='word_1_263' title='bbox 1447 2514 1539 2550; x_wconf 87' lang='lat' dir='ltr'>gra-</span> 
     </span>
     <span class='ocr_line' id='line_1_39' title="bbox 435 2536 1536 2604; baseline 0.026 -33"><span class='ocrx_word' id='word_1_264' title='bbox 435 2536 634 2576; x_wconf 85' lang='lat' dir='ltr'>inserendo</span> <span class='ocrx_word' id='word_1_265' title='bbox 667 2545 799 2591; x_wconf 81' lang='lat' dir='ltr'>saepius</span> <span class='ocrx_word' id='word_1_266' title='bbox 830 2551 1022 2595; x_wconf 76' lang='lat' dir='ltr'>querelas,</span> <span class='ocrx_word' id='word_1_267' title='bbox 1053 2561 1089 2587; x_wconf 88' lang='lat' dir='ltr'>et</span> <span class='ocrx_word' id='word_1_268' title='bbox 1118 2555 1314 2604; x_wconf 75' lang='lat' dir='ltr'>ambiguos</span> <span class='ocrx_word' id='word_1_269' title='bbox 1341 2559 1388 2595; x_wconf 76' lang='lat' dir='ltr'>de</span> <span class='ocrx_word' id='word_1_270' title='bbox 1418 2563 1536 2601; x_wconf 75' lang='lat' dir='ltr'>Galba</span> 
     </span>
     <span class='ocr_line' id='line_1_40' title="bbox 153 2603 1065 2661; baseline 0.024 -35"><span class='ocrx_word' id='word_1_271' title='bbox 153 2605 344 2631; x_wconf 80' lang='lat' dir='ltr'>sermones</span> <span class='ocrx_word' id='word_1_272' title='bbox 359 2625 368 2641; x_wconf 91' lang='lat'>,</span> <span class='ocrx_word' id='word_1_273' title='bbox 391 2610 551 2648; x_wconf 76' lang='lat' dir='ltr'>quaeque</span> <span class='ocrx_word' id='word_1_274' title='bbox 572 2603 641 2640; x_wconf 77' lang='lat' dir='ltr'>alia</span> <span class='ocrx_word' id='word_1_275' title='bbox 662 2606 896 2645; x_wconf 72' lang='lat' dir='ltr'>turbamenta</span> <span class='ocrx_word' id='word_1_276' title='bbox 923 2613 1036 2661; x_wconf 75' lang='lat' dir='ltr'>vulgi.</span> <span class='ocrx_word' id='word_1_277' title='bbox 1054 2632 1065 2645; x_wconf 59' lang='lat' dir='ltr'>n</span> 
     </span>
    </p>
   </div>
   <div class='ocr_carea' id='block_1_19' title="bbox 150 2655 1532 2763">
    <p class='ocr_par' dir='ltr' id='par_1_24' title="bbox 150 2655 1532 2763">
     <span class='ocr_line' id='line_1_41' title="bbox 209 2655 1532 2731; baseline 0.026 -41"><span class='ocrx_word' id='word_1_278' title='bbox 209 2655 377 2692; x_wconf 75' lang='lat' dir='ltr'>Cnidum.</span> <span class='ocrx_word' id='word_1_279' title='bbox 400 2660 485 2695; x_wconf 74' lang='lat' dir='ltr'><strong>Scil.</strong></span> <span class='ocrx_word' id='word_1_280' title='bbox 517 2665 674 2700; x_wconf 71' lang='lat' dir='ltr'>Cocceio</span> <span class='ocrx_word' id='word_1_281' title='bbox 702 2669 864 2706; x_wconf 87' lang='lat' dir='ltr'>Proculo</span> <span class='ocrx_word' id='word_1_282' title='bbox 891 2676 1141 2723; x_wconf 84' lang='lat' dir='ltr'>speculatori,</span> <span class='ocrx_word' id='word_1_283' title='bbox 1172 2687 1263 2717; x_wconf 77' lang='lat' dir='ltr'>teste</span> <span class='ocrx_word' id='word_1_284' title='bbox 1291 2685 1445 2731; x_wconf 78' lang='lat' dir='ltr'>Tacito,</span> <span class='ocrx_word' id='word_1_285' title='bbox 1468 2688 1532 2724; x_wconf 87' lang='lat' dir='ltr'>ub.</span> 
     </span>
     <span class='ocr_line' id='line_1_42' title="bbox 150 2725 334 2763; baseline 0.022 -13"><span class='ocrx_word' id='word_1_286' title='bbox 150 2729 251 2763; x_wconf 59' lang='lat' dir='ltr'>sup„</span> <span class='ocrx_word' id='word_1_287' title='bbox 275 2725 334 2761; x_wconf 69' lang='lat'>24.</span> 
     </span>
    </p>
   </div>
   <div class='ocr_carea' id='block_1_20' title="bbox 1299 2829 1366 2871">
    <p class='ocr_par' dir='ltr' id='par_1_25' title="bbox 1299 2829 1366 2871">
     <span class='ocr_line' id='line_1_43' title="bbox 1299 2829 1366 2871; baseline 0.015 -16"><span class='ocrx_word' id='word_1_288' title='bbox 1299 2829 1366 2871; x_wconf 85' lang='lat'>¹9·</span> 
     </span>
    </p>
   </div>
  </div>
 </body>
</html>
