1988 3439
586 297 830 333 OCTAVIUS
859 298 1127 334 AUGUSTUS.
1499 296 1547 345 69

175 376 381 422 facultate
418 378 599 440 quisque
644 383 939 425 monumentis
981 380 1045 425 vel
1094 382 1239 436 novis,
1269 380 1335 425 vel
1372 381 1542 425 refectis

175 469 216 502 et
257 459 463 516 excultis,
510 460 676 504 Urbem
720 460 997 506 adornarent.
1044 460 1273 522 Multaque
1323 478 1347 505 a
1395 462 1545 506 multis

177 549 395 585 exstructa
421 550 520 584 sunt
546 558 555 584 :
584 542 695 585 sicut
720 559 743 586 a
776 543 943 587 Marcio
981 541 1187 604 Philippo
1212 542 1324 586 aedes
1346 541 1546 586 Herculis

176 621 427 677 Musarumg
456 638 479 665 a
502 623 552 665 L.
578 622 814 667 Cornificio
842 622 951 666 aedes
977 624 1152 678 Dianae3
1177 623 1230 666 ab
1263 623 1414 667 Asinio
1446 621 1546 666 Pol-

177 698 290 745 lione
314 701 474 746 atrium
499 702 750 758 Libertatis3
773 704 1011 749 aMunatio
1036 701 1199 747 Planco
1224 702 1333 747 aedes
1351 704 1545 757 Saturni3

178 798 201 825 a
225 780 427 826 Cornelio
454 782 588 827 Balbo
613 782 857 841 theatrum3
883 800 907 828 a
923 783 1093 828 Statilio
1112 786 1257 827 Tauro
1279 782 1548 844 amphithea-

178 871 320 917 trum;
347 879 372 906 a
398 865 460 907 M.
489 881 592 908 vero
617 864 812 927 Agrippa
840 862 1067 928 complura
1098 873 1139 908 et
1164 864 1348 924 egregia.

239 945 381 988 XXX.
424 946 623 1005 Spatium
647 946 780 990 Urbis
821 948 864 990 in
898 947 1094 1008 regiones
1130 945 1335 1004 vicosque
1373 943 1547 987 divisit:

179 1024 449 1085 instituitque
463 1060 474 1082 ,
489 1036 537 1070 ut
560 1025 652 1070 illas
676 1027 810 1070 annui
830 1027 1109 1088 magistratus
1128 1025 1284 1070 sortito
1303 1033 1547 1070 tuerentur.

178 1103 258 1148 hos
299 1103 495 1164 magistri
527 1122 550 1150 e
575 1104 702 1165 plebe
735 1105 947 1166 cujusque
980 1105 1150 1148 vicinire
1185 1103 1298 1148 lecti.
1326 1100 1547 1146 Adversus

180 1182 380 1225 incendia
409 1182 611 1226 excubias
638 1193 874 1226 nocturnas
903 1182 1140 1244 vigilesque
1170 1189 1441 1225 commentus
1471 1189 1547 1225 est.

180 1261 247 1306 Ad
282 1261 541 1306 coercendas
576 1262 880 1306 inundationes
913 1262 1084 1307 alveum
1107 1262 1275 1306 Tiberis
1302 1261 1464 1305 laxavit
1500 1278 1550 1305 ac

182 1343 455 1403 repurgavit,
482 1341 749 1402 completum
774 1342 877 1386 olim
905 1343 1161 1398 ruderibus,
1194 1353 1236 1386 et
1267 1342 1547 1386 aedificiorum

181 1420 529 1482 prolapsionibus
556 1431 838 1466 coarctatum.
862 1424 965 1480 Quo
990 1433 1136 1466 autem
1166 1421 1333 1466 facilius
1358 1422 1552 1482 undique

183 1501 300 1548 Urbs
324 1502 519 1547 adiretur
535 1537 546 1558 ,
573 1502 801 1563 desumpta
823 1502 903 1546 sibi
934 1500 1146 1546 Flaminia
1175 1502 1245 1545 via
1267 1501 1465 1546 Arimino
1489 1510 1549 1542 te-

182 1599 264 1626 nus
291 1582 550 1639 munienda,
590 1582 778 1643 reliquas
809 1580 1149 1642 triumphalibus
1180 1581 1283 1624 viris
1309 1596 1361 1624 ex
1398 1595 1549 1623 manu-

182 1661 286 1706 biali
312 1664 498 1724 pecunia
529 1662 783 1707 sternendas
801 1661 1037 1706 distribuit.
1071 1660 1201 1704 AEdes
1223 1676 1388 1716 sacras,
1411 1668 1550 1702 vetus-

182 1751 270 1785 tate
289 1741 514 1803 collapsas,
540 1751 614 1786 aut
634 1741 855 1786 inciendos
873 1742 1139 1802 absumptaS,
1158 1739 1328 1795 refecit,
1349 1755 1484 1799 eaque
1508 1748 1551 1783 et

188 1830 350 1865 ceteras
378 1820 717 1882 opulentissimis
736 1821 861 1866 donis
887 1821 1139 1877 adornavit,
1160 1831 1209 1864 ut
1233 1821 1306 1880 qui
1333 1821 1376 1863 in
1399 1818 1552 1864 cellam

188 1898 425 1961 Capitolini
449 1902 566 1945 Jovis
593 1900 778 1944 sedecim
803 1900 940 1944 millia
956 1901 1105 1961 pondo
1128 1901 1245 1957 auri,
1277 1915 1556 1960 gemmasque

187 1998 236 2025 ac
276 1982 529 2042 margaritas
563 1982 835 2042 quingenties
864 1983 972 2025 H-S.
1003 1997 1090 2024 una
1129 1980 1365 2023 donatione
1403 1989 1558 2023 contu-

187 2061 305 2107 leret.

250 2145 412 2188 XXXI.
445 2146 681 2204 Postquam
701 2159 805 2188 vero
830 2145 1132 2204 pontificatum
1154 2143 1559 2202 maximum,quem

189 2240 413 2284 nunquam
440 2226 540 2267 vivo
565 2224 732 2284 Lepido
755 2223 924 2267 auferre
961 2224 1250 2279 sustinuerat,
1276 2231 1453 2266 mortuo
1487 2220 1561 2264 de-

193 2319 309 2348 inum
356 2304 570 2363 suscepit,
609 2304 818 2362 quicquid
861 2303 1139 2347 fatidicorum
1183 2302 1396 2346 librorum
1434 2301 1560 2362 graeci

191 2383 398 2443 latinique
432 2383 620 2444 generis,
648 2380 779 2426 nullis
810 2381 876 2425 vel
898 2400 1053 2443 parum
1081 2383 1247 2426 idoneis
1283 2381 1533 2425 auctoribus
1551 2413 1562 2434 ,

190 2462 321 2524 vulgo
360 2462 599 2518 ferebatur,
639 2478 770 2523 supra
804 2460 892 2504 duo
936 2461 1068 2504 millia
1109 2470 1331 2505 contracta
1370 2459 1563 2519 undique

190 2544 397 2587 cremavit
422 2563 431 2586 :
467 2559 514 2586 ac
542 2542 654 2586 solos
689 2543 868 2586 retinuit
900 2540 1157 2603 Sibyllinos,
1183 2540 1262 2583 hos
1293 2555 1468 2599 quoque
1502 2537 1566 2580 di·

190 2623 305 2668 lectu
330 2619 806 2682 habito-{condiditque
828 2622 998 2665 duobus
1023 2619 1175 2665 forulis
1204 2619 1367 2663 auratis
1385 2619 1464 2662 sub
1487 2620 1567 2662 Pa-

193 2703 312 2748 latini
344 2702 555 2765 Apollinis
583 2703 688 2747 basi.
716 2704 893 2747 Annum
920 2719 942 2745 a
969 2704 1022 2745 D.
1052 2699 1166 2745 Julio
1195 2700 1469 2755 ordinatum,
1490 2698 1563 2743 sed
