1988 3439
733 270 973 306 TIBERIUS.
1473 283 1485 306 ι
1497 270 1542 307 53

171 351 224 395 ad
241 369 416 396 eausam
436 352 663 397 dicendam
678 354 838 414 partim
859 370 903 397 se
922 353 1041 397 domi
1057 352 1417 412 vulneraverunt,
1438 358 1544 400 certi

172 432 486 489 damnationis,
515 432 588 477 sed
621 432 676 476 ad
702 435 977 478 vexationem
1007 434 1379 495 ignominiamque
1404 436 1546 480 vitan-

172 512 299 569 dam3
333 514 491 573 partim
526 513 570 558 in
608 512 751 556 media
785 514 908 558 curia
940 529 1157 557 venenum
1194 513 1460 571 hauserunt,
1505 525 1549 559 et

172 601 317 637 tamen
346 591 560 653 colligatis
586 591 865 649 vulneribus,
894 610 943 638 ac
969 594 1243 638 semianimes
1263 592 1548 655 palpitantes-

171 688 255 732 que
280 673 325 716 in
350 688 566 716 carcerem
595 673 723 734 rapti.
755 674 899 718 Nemo
921 674 1178 734 punitorum
1204 690 1294 718 non
1320 683 1363 718 et
1390 673 1435 717 in
1460 675 1548 718 Ge·

170 753 338 796 monias
360 752 575 813 abjectus,
599 768 801 813 uncoque
829 762 1019 809 t1·aetus;
1046 753 1202 815 viginti
1228 770 1317 797 uno
1339 752 1432 809 die,
1457 750 1550 814 [ab-

165 832 269 891 jecti
303 834 519 894 tractique
549 832 679 897 sunt]
712 835 826 879 inter
851 851 923 879 eos
949 834 1121 878 feminae
1146 843 1189 878 et
1215 834 1354 895 pueri.
1386 836 1550 878 Imma-

171 922 279 956 turae
293 912 470 974 puellae,
497 915 600 975 quia
619 931 742 969 more
764 915 926 960 tradito
942 914 1062 959 nefas
1082 924 1193 959 esset
1208 915 1397 976 virgines
1412 923 1551 958 stran-

170 991 336 1054 gulari,
363 995 523 1039 vitiatae
548 996 672 1057 prius
696 1013 721 1040 a
747 996 974 1053 carnifice,
1001 994 1100 1039 dein
1119 994 1411 1057 strangulatae.
1431 997 1550 1041 Mori

170 1072 418 1119 volentibus
445 1076 508 1119 vis
537 1075 733 1120 adhibita
757 1076 943 1121 vivendi.
974 1077 1091 1121 Nam
1121 1086 1305 1120 mortem
1327 1075 1434 1120 adeo
1458 1075 1551 1120 leve

172 1153 437 1214 supplicium
469 1157 680 1216 putabat,
707 1167 778 1214 ut,
806 1174 944 1217 quum
975 1156 1186 1212 audisset,
1212 1172 1350 1200 unum
1383 1173 1406 1201 e
1441 1156 1550 1213 reis,

173 1234 432 1278 Carnulium
450 1237 646 1292 nomine,
662 1237 922 1298 anticipasse
937 1253 1031 1281 eam
1043 1271 1054 1293 ,
1068 1236 1376 1281 exclamaverit
1393 1254 1401 1280 :
1418 1256 1438 1277 «
1450 1238 1552 1281 Car-

173 1314 319 1358 nulius
347 1332 414 1359 me
443 1317 627 1360 evasit.»
652 1319 708 1361 Et
734 1318 777 1361 in
804 1316 1166 1378 recognoscendis
1194 1316 1425 1374 custodiis,
1454 1333 1553 1377 pre-

173 1396 287 1438 canti
317 1395 491 1439 cuidam
521 1413 658 1457 poenae
683 1398 982 1440 maturitatem
1011 1396 1240 1458 respondit
1263 1414 1272 1440 :
1300 1397 1550 1441 «Nondum

173 1483 316 1518 tecum
349 1475 392 1518 in
423 1477 607 1536 gratiam
637 1477 800 1520 redii.»
825 1475 1070 1521 Annalibus
1104 1477 1192 1520 suis
1220 1477 1287 1521 vir
1312 1475 1553 1521 consularis

174 1555 357 1599 inseruit
373 1590 384 1612 ,
407 1556 629 1617 frequenti
650 1556 876 1618 quondam
899 1557 1127 1612 convivio,
1151 1558 1221 1601 cui
1243 1567 1286 1601 et
1306 1557 1398 1619 ipse
1420 1556 1554 1601 affue-

172 1636 253 1692 rit,
283 1637 602 1699 interrogatum
635 1655 736 1682 eum
761 1639 907 1683 subito
933 1648 976 1683 et
1004 1637 1120 1683 clare
1149 1653 1173 1681 a
1198 1637 1390 1699 quodam
1416 1654 1554 1694 nano,

173 1717 373 1763 adstante
400 1737 560 1764 mensae
586 1721 702 1764 inter
732 1737 933 1781 copreas,
963 1737 1042 1764 cur
1069 1721 1286 1764 Paconius
1318 1720 1556 1781 majestatis

174 1815 272 1843 reus
293 1810 382 1844 tam
409 1801 482 1845 diu
504 1803 688 1859 viveret,
712 1803 859 1846 statim
882 1800 1060 1862 quidem
1086 1801 1376 1863 petulantiam
1397 1800 1557 1862 linguoe

175 1880 448 1942 objurgasse,
477 1891 670 1926 ceterum
696 1892 794 1944 post
816 1899 978 1944 paucos
1004 1881 1094 1926 dies
1118 1883 1342 1943 scripsisse
1363 1882 1556 1938 senatui,

175 1970 224 2005 ut
247 1961 300 2005 de
324 1979 454 2023 poena
480 1964 658 2008 Paeonii
686 1964 1015 2024 quamprimum
1035 1972 1262 2007 statueret.

240 2044 382 2087 LXII.
419 2044 557 2088 Auxit
593 2044 871 2104 intenditque
908 2044 1146 2099 saevitiam,
1176 2044 1459 2088 exacerbatus
1493 2044 1559 2087 in-

176 2122 290 2167 dicio
324 2123 377 2167 de
409 2133 550 2168 morte
581 2122 659 2167 filii
693 2124 760 2168 sui
796 2125 930 2169 Drusi
955 2140 1118 2184 :quem
1152 2140 1290 2184 quum
1327 2124 1482 2167 morbo
1517 2133 1559 2167 et

179 2204 514 2265 intemperantia
536 2206 698 2265 perisse
719 2207 1008 2261 existimaret,
1030 2215 1078 2249 ut
1101 2204 1278 2249 tandem
1301 2222 1472 2249 veneno
1493 2206 1559 2248 in-

180 2295 414 2328 teremtum
440 2285 592 2328 fraude
619 2285 788 2329 Livillae
815 2287 961 2330 uxoris
988 2296 1119 2346 atque
1150 2280 1295 2346 Sejani
1325 2286 1560 2347 cognovit,

179 2383 320 2426 neque
353 2368 582 2410 tormentis
619 2383 760 2426 neque
794 2366 1010 2427 supplicio
1042 2368 1299 2427 cujusquam
1337 2366 1560 2427 pepe1=cit3

179 2446 258 2492 soli
284 2447 386 2491 huic
409 2448 651 2508 cognitioni
673 2447 780 2491 adeo
803 2464 882 2509 per
909 2456 1024 2490 totos
1041 2446 1132 2490 dies
1158 2447 1330 2491 deditus
1353 2456 1396 2490 et
1416 2447 1558 2489 inten-

182 2538 276 2584 tus,
302 2538 350 2572 ut
369 2528 665 2572 Rhodiensem
691 2528 931 2588 hospitem,
955 2544 1085 2587 quem
1102 2526 1388 2570 familiaribus
1407 2524 1561 2570 litteris

181 2612 366 2653 Romam
403 2610 632 2663 evocarat,
673 2608 897 2652 advenisse
933 2609 1014 2651 sibi
1051 2608 1328 2661 nunciatum,
1366 2605 1560 2664 torqueri

181 2690 272 2734 siue
293 2690 629 2750 morajusscrit,
657 2690 778 2748 quasi
802 2688 958 2748 aliquis
984 2705 1032 2731 rx
1059 2687 1307 2732 necessariis
1332 2684 1558 2745 quaestioni
