<?xml version="1.0" encoding="UTF-8"?>
<!DOCTYPE html PUBLIC "-//W3C//DTD XHTML 1.0 Transitional//EN"
    "http://www.w3.org/TR/xhtml1/DTD/xhtml1-transitional.dtd">
<html xmlns="http://www.w3.org/1999/xhtml" xml:lang="en" lang="en">
 <head>
  <title>
</title>
<meta http-equiv="Content-Type" content="text/html;charset=utf-8" />
  <meta name='ocr-system' content='tesseract 3.04.00' />
  <meta name='ocr-capabilities' content='ocr_page ocr_carea ocr_par ocr_line ocrx_word'/>
</head>
<body>
  <div class='ocr_page' id='page_1' title='image "./operagro00suetuoft_0388.png"; bbox 0 0 1971 3342; ppageno 0'>
   <div class='ocr_carea' id='block_1_1' title="bbox 319 241 1341 285">
    <p class='ocr_par' dir='ltr' id='par_1_1' title="bbox 319 241 1341 285">
     <span class='ocr_line' id='line_1_1' title="bbox 319 241 1341 285; baseline 0.002 -11"><span class='ocrx_word' id='word_1_1' title='bbox 319 241 364 285; x_wconf 79' lang='lat'><strong>78</strong></span> <span class='ocrx_word' id='word_1_2' title='bbox 678 241 716 275; x_wconf 91' lang='lat' dir='ltr'><strong>C.</strong></span> <span class='ocrx_word' id='word_1_3' title='bbox 749 241 945 276; x_wconf 89' lang='lat' dir='ltr'><strong>SUETON</strong></span> <span class='ocrx_word' id='word_1_4' title='bbox 949 241 985 275; x_wconf 94' lang='lat'><strong>11</strong></span> <span class='ocrx_word' id='word_1_5' title='bbox 1014 241 1341 277; x_wconf 90' lang='lat' dir='ltr'><strong>DOMITIANUS.</strong></span> 
     </span>
    </p>
   </div>
   <div class='ocr_carea' id='block_1_2' title="bbox 288 324 1716 1823">
    <p class='ocr_par' dir='ltr' id='par_1_2' title="bbox 315 324 1709 709">
     <span class='ocr_line' id='line_1_2' title="bbox 317 324 1704 386; baseline 0.001 -19"><span class='ocrx_word' id='word_1_6' title='bbox 317 325 521 368; x_wconf 83' lang='lat' dir='ltr'><strong>Domitiae</strong></span> <span class='ocrx_word' id='word_1_7' title='bbox 552 324 717 385; x_wconf 85' lang='lat' dir='ltr'><strong>nuptiis</strong></span> <span class='ocrx_word' id='word_1_8' title='bbox 757 324 1104 386; x_wconf 90' lang='lat' dir='ltr'><strong>pertinacissime</strong></span> <span class='ocrx_word' id='word_1_9' title='bbox 1143 334 1406 379; x_wconf 80' lang='lat' dir='ltr'><strong>recusasset,</strong></span> <span class='ocrx_word' id='word_1_10' title='bbox 1447 341 1535 369; x_wconf 87' lang='lat' dir='ltr'><strong>non</strong></span> <span class='ocrx_word' id='word_1_11' title='bbox 1566 324 1704 369; x_wconf 87' lang='lat' dir='ltr'><strong>multo</strong></span> 
     </span>
     <span class='ocr_line' id='line_1_3' title="bbox 318 404 1703 467; baseline -0.001 -18"><span class='ocrx_word' id='word_1_12' title='bbox 318 415 416 466; x_wconf 89' lang='lat' dir='ltr'><strong>post</strong></span> <span class='ocrx_word' id='word_1_13' title='bbox 453 404 525 449; x_wconf 89' lang='lat' dir='ltr'><strong>alii</strong></span> <span class='ocrx_word' id='word_1_14' title='bbox 561 404 846 462; x_wconf 86' lang='lat' dir='ltr'><strong>collocatam,</strong></span> <span class='ocrx_word' id='word_1_15' title='bbox 886 406 1085 467; x_wconf 89' lang='lat' dir='ltr'><strong>corrupit</strong></span> <span class='ocrx_word' id='word_1_16' title='bbox 1128 404 1269 460; x_wconf 85' lang='lat' dir='ltr'><strong>ultro,</strong></span> <span class='ocrx_word' id='word_1_17' title='bbox 1310 414 1352 449; x_wconf 89' lang='lat' dir='ltr'><strong>et</strong></span> <span class='ocrx_word' id='word_1_18' title='bbox 1389 405 1566 466; x_wconf 90' lang='lat' dir='ltr'><strong>quidem</strong></span> <span class='ocrx_word' id='word_1_19' title='bbox 1603 406 1703 449; x_wconf 92' lang='lat' dir='ltr'><strong>vivo</strong></span> 
     </span>
     <span class='ocr_line' id='line_1_4' title="bbox 315 485 1707 547; baseline 0 -18"><span class='ocrx_word' id='word_1_20' title='bbox 315 486 447 530; x_wconf 87' lang='lat' dir='ltr'><strong>etiam</strong></span> <span class='ocrx_word' id='word_1_21' title='bbox 475 495 568 530; x_wconf 89' lang='lat' dir='ltr'><strong>tum</strong></span> <span class='ocrx_word' id='word_1_22' title='bbox 597 487 697 530; x_wconf 89' lang='lat' dir='ltr'><strong>Tito</strong></span> <span class='ocrx_word' id='word_1_23' title='bbox 725 504 734 531; x_wconf 76' lang='grc' dir='ltr'><strong><em>ε</em></strong></span> <span class='ocrx_word' id='word_1_24' title='bbox 764 502 865 530; x_wconf 84' lang='lat' dir='ltr'><strong>mox</strong></span> <span class='ocrx_word' id='word_1_25' title='bbox 892 496 1017 547; x_wconf 86' lang='lat' dir='ltr'><strong>patre</strong></span> <span class='ocrx_word' id='word_1_26' title='bbox 1043 502 1093 530; x_wconf 89' lang='lat' dir='ltr'><strong>ac</strong></span> <span class='ocrx_word' id='word_1_27' title='bbox 1120 486 1213 530; x_wconf 88' lang='lat' dir='ltr'><strong>viro</strong></span> <span class='ocrx_word' id='word_1_28' title='bbox 1240 486 1462 543; x_wconf 78' lang='lat' dir='ltr'>orbatam,</span> <span class='ocrx_word' id='word_1_29' title='bbox 1489 485 1707 530; x_wconf 85' lang='lat' dir='ltr'><strong>ardentis·</strong></span> 
     </span>
     <span class='ocr_line' id='line_1_5' title="bbox 317 565 1709 628; baseline 0.002 -19"><span class='ocrx_word' id='word_1_30' title='bbox 317 566 424 610; x_wconf 85' lang='lat' dir='ltr'><strong>sime</strong></span> <span class='ocrx_word' id='word_1_31' title='bbox 445 565 680 628; x_wconf 81' lang='lat' dir='ltr'>palamque</span> <span class='ocrx_word' id='word_1_32' title='bbox 701 565 881 623; x_wconf 82' lang='lat' dir='ltr'><strong>dilexit,</strong></span> <span class='ocrx_word' id='word_1_33' title='bbox 905 576 954 610; x_wconf 89' lang='lat' dir='ltr'><strong>ut</strong></span> <span class='ocrx_word' id='word_1_34' title='bbox 979 567 1108 611; x_wconf 90' lang='lat' dir='ltr'><strong>etiam</strong></span> <span class='ocrx_word' id='word_1_35' title='bbox 1134 583 1264 611; x_wconf 89' lang='lat' dir='ltr'><strong>causa</strong></span> <span class='ocrx_word' id='word_1_36' title='bbox 1290 566 1444 611; x_wconf 88' lang='lat' dir='ltr'><strong>mortis</strong></span> <span class='ocrx_word' id='word_1_37' title='bbox 1465 567 1709 624; x_wconf 85' lang='lat' dir='ltr'><strong>exstiterit,</strong></span> 
     </span>
     <span class='ocr_line' id='line_1_6' title="bbox 317 647 1107 709; baseline 0.001 -19"><span class='ocrx_word' id='word_1_38' title='bbox 317 657 477 692; x_wconf 83' lang='lat' dir='ltr'><strong>coactae</strong></span> <span class='ocrx_word' id='word_1_39' title='bbox 505 657 768 709; x_wconf 90' lang='lat' dir='ltr'><strong>conceptum</strong></span> <span class='ocrx_word' id='word_1_40' title='bbox 792 664 817 691; x_wconf 87' lang='lat' dir='ltr'><strong>a</strong></span> <span class='ocrx_word' id='word_1_41' title='bbox 845 663 890 691; x_wconf 90' lang='lat' dir='ltr'><strong>se</strong></span> <span class='ocrx_word' id='word_1_42' title='bbox 917 647 1107 709; x_wconf 83' lang='lat' dir='ltr'><strong>abigere.</strong></span> 
     </span>
    </p>

    <p class='ocr_par' dir='ltr' id='par_1_3' title="bbox 288 727 1716 1823">
     <span class='ocr_line' id='line_1_7' title="bbox 381 727 1711 791; baseline -0.002 -16"><span class='ocrx_word' id='word_1_43' title='bbox 381 731 548 775; x_wconf 88' lang='lat' dir='ltr'>XXIII.</span> <span class='ocrx_word' id='word_1_44' title='bbox 569 730 774 775; x_wconf 87' lang='lat' dir='ltr'>Occisum</span> <span class='ocrx_word' id='word_1_45' title='bbox 795 745 896 773; x_wconf 84' lang='lat' dir='ltr'><strong>eum</strong></span> <span class='ocrx_word' id='word_1_46' title='bbox 915 727 1106 790; x_wconf 90' lang='lat' dir='ltr'><strong>populus</strong></span> <span class='ocrx_word' id='word_1_47' title='bbox 1129 728 1449 783; x_wconf 75' lang='lat' dir='ltr'><strong>indifferenter,</strong></span> <span class='ocrx_word' id='word_1_48' title='bbox 1472 727 1594 773; x_wconf 91' lang='lat' dir='ltr'><strong>miles</strong></span> <span class='ocrx_word' id='word_1_49' title='bbox 1613 745 1711 791; x_wconf 85' lang='lat' dir='ltr'><strong>gra-</strong></span> 
     </span>
     <span class='ocr_line' id='line_1_8' title="bbox 288 808 1709 871; baseline -0.001 -17"><span class='ocrx_word' id='word_1_50' title='bbox 288 868 290 870; x_wconf 17' lang='lat' dir='ltr'>v</span> <span class='ocrx_word' id='word_1_51' title='bbox 316 811 490 854; x_wconf 88' lang='lat' dir='ltr'><strong>vissime</strong></span> <span class='ocrx_word' id='word_1_52' title='bbox 518 809 645 867; x_wconf 87' lang='lat' dir='ltr'><strong>tulit,</strong></span> <span class='ocrx_word' id='word_1_53' title='bbox 682 811 918 870; x_wconf 83' lang='lat' dir='ltr'><strong>statimque</strong></span> <span class='ocrx_word' id='word_1_54' title='bbox 948 810 1113 854; x_wconf 71' lang='lat' dir='ltr'><strong>Divum</strong></span> <span class='ocrx_word' id='word_1_55' title='bbox 1146 808 1368 871; x_wconf 85' lang='lat' dir='ltr'><strong>appellare</strong></span> <span class='ocrx_word' id='word_1_56' title='bbox 1398 819 1581 854; x_wconf 88' lang='lat' dir='ltr'><strong>conatus</strong></span> <span class='ocrx_word' id='word_1_57' title='bbox 1615 819 1709 865; x_wconf 80' lang='lat' dir='ltr'><strong>est3</strong></span> 
     </span>
     <span class='ocr_line' id='line_1_9' title="bbox 316 888 1710 951; baseline -0.001 -17"><span class='ocrx_word' id='word_1_58' title='bbox 316 900 496 951; x_wconf 89' lang='lat' dir='ltr'><strong>paratus</strong></span> <span class='ocrx_word' id='word_1_59' title='bbox 524 900 567 935; x_wconf 89' lang='lat' dir='ltr'><strong>et</strong></span> <span class='ocrx_word' id='word_1_60' title='bbox 600 888 774 947; x_wconf 89' lang='lat' dir='ltr'><strong>ulcisci,</strong></span> <span class='ocrx_word' id='word_1_61' title='bbox 806 890 890 934; x_wconf 90' lang='lat' dir='ltr'><strong>nisi</strong></span> <span class='ocrx_word' id='word_1_62' title='bbox 919 888 1053 935; x_wconf 90' lang='lat' dir='ltr'><strong>duces</strong></span> <span class='ocrx_word' id='word_1_63' title='bbox 1084 889 1324 934; x_wconf 86' lang='lat' dir='ltr'><strong>defuissent</strong></span> <span class='ocrx_word' id='word_1_64' title='bbox 1353 907 1362 934; x_wconf 74' lang='grc' dir='ltr'>ε</span> <span class='ocrx_word' id='word_1_65' title='bbox 1390 889 1510 951; x_wconf 91' lang='lat' dir='ltr'><strong>quod</strong></span> <span class='ocrx_word' id='word_1_66' title='bbox 1529 889 1710 951; x_wconf 90' lang='lat' dir='ltr'><strong>quidem</strong></span> 
     </span>
     <span class='ocr_line' id='line_1_10' title="bbox 315 969 1711 1032; baseline -0.001 -17"><span class='ocrx_word' id='word_1_67' title='bbox 315 970 448 1032; x_wconf 87' lang='lat' dir='ltr'><strong>paulo</strong></span> <span class='ocrx_word' id='word_1_68' title='bbox 479 981 579 1032; x_wconf 87' lang='lat' dir='ltr'><strong>post</strong></span> <span class='ocrx_word' id='word_1_69' title='bbox 616 971 741 1024; x_wconf 75' lang='lat' dir='ltr'><strong>fecit,</strong></span> <span class='ocrx_word' id='word_1_70' title='bbox 770 969 1056 1032; x_wconf 84' lang='lat' dir='ltr'><strong>expostulatis</strong></span> <span class='ocrx_word' id='word_1_71' title='bbox 1084 970 1138 1014; x_wconf 92' lang='lat' dir='ltr'><strong>ad</strong></span> <span class='ocrx_word' id='word_1_72' title='bbox 1162 987 1336 1032; x_wconf 84' lang='lat' dir='ltr'><strong>poenam</strong></span> <span class='ocrx_word' id='word_1_73' title='bbox 1365 971 1711 1031; x_wconf 88' lang='lat' dir='ltr'><strong>pertinacissime</strong></span> 
     </span>
     <span class='ocr_line' id='line_1_11' title="bbox 315 1050 1708 1109; baseline 0 -14"><span class='ocrx_word' id='word_1_74' title='bbox 315 1051 445 1095; x_wconf 84' lang='lat' dir='ltr'><strong>caedis</strong></span> <span class='ocrx_word' id='word_1_75' title='bbox 477 1051 748 1096; x_wconf 88' lang='lat' dir='ltr'><strong>auctoribus.</strong></span> <span class='ocrx_word' id='word_1_76' title='bbox 777 1053 944 1096; x_wconf 80' lang='lat' dir='ltr'><strong>Contra</strong></span> <span class='ocrx_word' id='word_1_77' title='bbox 971 1061 1152 1095; x_wconf 89' lang='lat' dir='ltr'><strong>senatus</strong></span> <span class='ocrx_word' id='word_1_78' title='bbox 1178 1051 1288 1095; x_wconf 91' lang='lat' dir='ltr'><strong>adeo</strong></span> <span class='ocrx_word' id='word_1_79' title='bbox 1316 1050 1488 1095; x_wconf 79' lang='lat' dir='ltr'><strong>laetatus</strong></span> <span class='ocrx_word' id='word_1_80' title='bbox 1519 1060 1605 1109; x_wconf 91' lang='lat' dir='ltr'><strong>est,</strong></span> <span class='ocrx_word' id='word_1_81' title='bbox 1632 1061 1708 1109; x_wconf 92' lang='lat' dir='ltr'><strong>ut,</strong></span> 
     </span>
     <span class='ocr_line' id='line_1_12' title="bbox 315 1130 1710 1193; baseline -0.001 -18"><span class='ocrx_word' id='word_1_82' title='bbox 315 1130 483 1193; x_wconf 88' lang='lat' dir='ltr'><strong>repleta</strong></span> <span class='ocrx_word' id='word_1_83' title='bbox 507 1132 710 1176; x_wconf 82' lang='lat' dir='ltr'><strong>certatim</strong></span> <span class='ocrx_word' id='word_1_84' title='bbox 736 1131 891 1188; x_wconf 84' lang='lat' dir='ltr'><strong>Curia,</strong></span> <span class='ocrx_word' id='word_1_85' title='bbox 917 1148 1007 1175; x_wconf 90' lang='lat' dir='ltr'><strong>non</strong></span> <span class='ocrx_word' id='word_1_86' title='bbox 1033 1141 1320 1193; x_wconf 81' lang='lat' dir='ltr'><strong>temperaret,</strong></span> <span class='ocrx_word' id='word_1_87' title='bbox 1347 1131 1455 1191; x_wconf 89' lang='lat' dir='ltr'><strong>quin</strong></span> <span class='ocrx_word' id='word_1_88' title='bbox 1482 1141 1710 1175; x_wconf 88' lang='lat' dir='ltr'><strong>mortuum</strong></span> 
     </span>
     <span class='ocr_line' id='line_1_13' title="bbox 316 1211 1710 1273; baseline -0.001 -16"><span class='ocrx_word' id='word_1_89' title='bbox 316 1211 762 1257; x_wconf 88' lang='lat' dir='ltr'><strong>contumeliosissimo</strong></span> <span class='ocrx_word' id='word_1_90' title='bbox 787 1222 918 1273; x_wconf 87' lang='lat' dir='ltr'><strong>atque</strong></span> <span class='ocrx_word' id='word_1_91' title='bbox 942 1212 1220 1256; x_wconf 90' lang='lat' dir='ltr'><strong>acerbissimo</strong></span> <span class='ocrx_word' id='word_1_92' title='bbox 1244 1211 1610 1256; x_wconf 85' lang='lat' dir='ltr'><strong>acclamationum</strong></span> <span class='ocrx_word' id='word_1_93' title='bbox 1638 1228 1710 1273; x_wconf 84' lang='lat' dir='ltr'><strong>ge-</strong></span> 
     </span>
     <span class='ocr_line' id='line_1_14' title="bbox 317 1291 1712 1354; baseline 0 -17"><span class='ocrx_word' id='word_1_94' title='bbox 317 1310 421 1338; x_wconf 86' lang='lat' dir='ltr'><strong>nere</strong></span> <span class='ocrx_word' id='word_1_95' title='bbox 445 1292 659 1338; x_wconf 87' lang='lat' dir='ltr'><strong>laceraret</strong></span> <span class='ocrx_word' id='word_1_96' title='bbox 683 1310 692 1338; x_wconf 92' lang='lat'>:</span> <span class='ocrx_word' id='word_1_97' title='bbox 721 1292 860 1337; x_wconf 85' lang='lat' dir='ltr'><strong>scalas</strong></span> <span class='ocrx_word' id='word_1_98' title='bbox 885 1293 1016 1337; x_wconf 89' lang='lat' dir='ltr'><strong>etiam</strong></span> <span class='ocrx_word' id='word_1_99' title='bbox 1047 1292 1226 1350; x_wconf 87' lang='lat' dir='ltr'><strong>inferri,</strong></span> <span class='ocrx_word' id='word_1_100' title='bbox 1245 1291 1508 1354; x_wconf 88' lang='lat' dir='ltr'><strong>clypeosque</strong></span> <span class='ocrx_word' id='word_1_101' title='bbox 1537 1302 1580 1336; x_wconf 90' lang='lat' dir='ltr'><strong>et</strong></span> <span class='ocrx_word' id='word_1_102' title='bbox 1605 1292 1712 1337; x_wconf 78' lang='lat' dir='ltr'><strong>ima·-</strong></span> 
     </span>
     <span class='ocr_line' id='line_1_15' title="bbox 315 1371 1710 1436; baseline -0.001 -18"><span class='ocrx_word' id='word_1_103' title='bbox 315 1374 439 1435; x_wconf 83' lang='lat' dir='ltr'><strong>gines</strong></span> <span class='ocrx_word' id='word_1_104' title='bbox 468 1374 562 1436; x_wconf 88' lang='lat' dir='ltr'><strong>ejus</strong></span> <span class='ocrx_word' id='word_1_105' title='bbox 589 1390 738 1418; x_wconf 85' lang='lat' dir='ltr'><strong>coram</strong></span> <span class='ocrx_word' id='word_1_106' title='bbox 770 1373 961 1431; x_wconf 79' lang='lat' dir='ltr'><strong>detrahi,</strong></span> <span class='ocrx_word' id='word_1_107' title='bbox 984 1383 1028 1418; x_wconf 88' lang='lat' dir='ltr'><strong>et</strong></span> <span class='ocrx_word' id='word_1_108' title='bbox 1057 1372 1219 1417; x_wconf 88' lang='lat' dir='ltr'><strong>ibidem</strong></span> <span class='ocrx_word' id='word_1_109' title='bbox 1245 1372 1339 1417; x_wconf 91' lang='lat' dir='ltr'><strong>solo</strong></span> <span class='ocrx_word' id='word_1_110' title='bbox 1359 1371 1497 1434; x_wconf 83' lang='lat' dir='ltr'><strong>affligi</strong></span> <span class='ocrx_word' id='word_1_111' title='bbox 1510 1372 1710 1433; x_wconf 79' lang='lat' dir='ltr'><strong>juberet3</strong></span> 
     </span>
     <span class='ocr_line' id='line_1_16' title="bbox 317 1453 1716 1520; baseline -0.001 -23"><span class='ocrx_word' id='word_1_112' title='bbox 317 1455 576 1511; x_wconf 89' lang='lat' dir='ltr'><strong>novissime,</strong></span> <span class='ocrx_word' id='word_1_113' title='bbox 599 1454 845 1498; x_wconf 90' lang='lat' dir='ltr'><strong>eradendos</strong></span> <span class='ocrx_word' id='word_1_114' title='bbox 867 1455 1031 1515; x_wconf 89' lang='lat' dir='ltr'><strong>ubique</strong></span> <span class='ocrx_word' id='word_1_115' title='bbox 1052 1453 1226 1511; x_wconf 90' lang='lat' dir='ltr'><strong>titulos,</strong></span> <span class='ocrx_word' id='word_1_116' title='bbox 1248 1453 1601 1514; x_wconf 89' lang='lat' dir='ltr'><strong>abolendamque</strong></span> <span class='ocrx_word' id='word_1_117' title='bbox 1619 1470 1716 1520; x_wconf 64' lang='lat' dir='ltr'><strong>om-v</strong></span> 
     </span>
     <span class='ocr_line' id='line_1_17' title="bbox 318 1533 1706 1596; baseline -0.001 -17"><span class='ocrx_word' id='word_1_118' title='bbox 318 1552 416 1579; x_wconf 90' lang='lat' dir='ltr'><strong>nem</strong></span> <span class='ocrx_word' id='word_1_119' title='bbox 438 1535 696 1580; x_wconf 86' lang='lat' dir='ltr'><strong>memoriam</strong></span> <span class='ocrx_word' id='word_1_120' title='bbox 721 1534 995 1579; x_wconf 87' lang='lat' dir='ltr'><strong>decerneret.</strong></span> <span class='ocrx_word' id='word_1_121' title='bbox 1023 1539 1139 1579; x_wconf 90' lang='lat' dir='ltr'><strong>Ante</strong></span> <span class='ocrx_word' id='word_1_122' title='bbox 1166 1550 1327 1596; x_wconf 88' lang='lat' dir='ltr'><strong>paucos</strong></span> <span class='ocrx_word' id='word_1_123' title='bbox 1343 1569 1354 1591; x_wconf 94' lang='lat'><strong>,</strong></span> <span class='ocrx_word' id='word_1_124' title='bbox 1381 1550 1513 1595; x_wconf 86' lang='lat' dir='ltr'><strong>quam</strong></span> <span class='ocrx_word' id='word_1_125' title='bbox 1542 1533 1706 1578; x_wconf 32' lang='lat' dir='ltr'><strong>occide}</strong></span> 
     </span>
     <span class='ocr_line' id='line_1_18' title="bbox 316 1608 1704 1676; baseline -0.001 -16"><span class='ocrx_word' id='word_1_126' title='bbox 316 1626 453 1673; x_wconf 88' lang='lat' dir='ltr'><strong>retur,</strong></span> <span class='ocrx_word' id='word_1_127' title='bbox 498 1632 692 1673; x_wconf 82' lang='lat' dir='ltr'><strong>menseS‚</strong></span> <span class='ocrx_word' id='word_1_128' title='bbox 735 1615 888 1659; x_wconf 83' lang='lat' dir='ltr'><strong>cornix</strong></span> <span class='ocrx_word' id='word_1_129' title='bbox 931 1616 974 1659; x_wconf 88' lang='lat' dir='ltr'><strong>in</strong></span> <span class='ocrx_word' id='word_1_130' title='bbox 1002 1614 1225 1676; x_wconf 85' lang='lat' dir='ltr'><strong>Capitolio</strong></span> <span class='ocrx_word' id='word_1_131' title='bbox 1257 1614 1430 1659; x_wconf 89' lang='lat' dir='ltr'><strong>elocuta</strong></span> <span class='ocrx_word' id='word_1_132' title='bbox 1458 1625 1546 1671; x_wconf 91' lang='lat' dir='ltr'><strong>est,</strong></span> <span class='ocrx_word' id='word_1_133' title='bbox 1584 1608 1704 1659; x_wconf 73' lang='grc' dir='ltr'><strong><em>’ἔσται</em></strong></span> 
     </span>
     <span class='ocr_line' id='line_1_19' title="bbox 316 1684 1715 1757; baseline -0.001 -16"><span class='ocrx_word' id='word_1_134' title='bbox 316 1694 451 1742; x_wconf 68' lang='grc' dir='ltr'><em>πάντα</em></span> <span class='ocrx_word' id='word_1_135' title='bbox 483 1695 635 1748; x_wconf 69' lang='grc' dir='ltr'><strong><em>καλῶς.</em></strong></span> <span class='ocrx_word' id='word_1_136' title='bbox 670 1698 763 1743; x_wconf 86' lang='lat' dir='ltr'><strong>Nec</strong></span> <span class='ocrx_word' id='word_1_137' title='bbox 791 1696 955 1751; x_wconf 89' lang='lat' dir='ltr'><strong>defuit,</strong></span> <span class='ocrx_word' id='word_1_138' title='bbox 985 1697 1060 1757; x_wconf 94' lang='lat' dir='ltr'><strong>qui</strong></span> <span class='ocrx_word' id='word_1_139' title='bbox 1093 1706 1313 1740; x_wconf 85' lang='lat' dir='ltr'><strong>ostentum</strong></span> <span class='ocrx_word' id='word_1_140' title='bbox 1342 1696 1403 1740; x_wconf 90' lang='lat' dir='ltr'><strong>sic</strong></span> <span class='ocrx_word' id='word_1_141' title='bbox 1444 1684 1715 1756; x_wconf 78' lang='lat' dir='ltr'><strong>interpreta-⁵</strong></span> 
     </span>
     <span class='ocr_line' id='line_1_20' title="bbox 315 1788 475 1823; baseline 0.013 -2"><span class='ocrx_word' id='word_1_142' title='bbox 315 1788 439 1823; x_wconf 87' lang='lat' dir='ltr'><strong>retur</strong></span> <span class='ocrx_word' id='word_1_143' title='bbox 466 1796 475 1823; x_wconf 73' lang='grc' dir='ltr'><strong><em>ε</em></strong></span> 
     </span>
    </p>
   </div>
   <div class='ocr_carea' id='block_1_3' title="bbox 471 1891 1434 2003">
    <p class='ocr_par' dir='ltr' id='par_1_4' title="bbox 471 1891 1434 2003">
     <span class='ocr_line' id='line_1_21' title="bbox 471 1891 1379 1941; baseline -0.002 -13"><span class='ocrx_word' id='word_1_144' title='bbox 471 1892 602 1940; x_wconf 88' lang='lat' dir='ltr'><strong>Nuper</strong></span> <span class='ocrx_word' id='word_1_145' title='bbox 624 1893 789 1941; x_wconf 82' lang='lat' dir='ltr'><strong>Tarpeio</strong></span> <span class='ocrx_word' id='word_1_146' title='bbox 817 1905 897 1940; x_wconf 87' lang='lat' dir='ltr'><strong>quae</strong></span> <span class='ocrx_word' id='word_1_147' title='bbox 919 1892 1017 1928; x_wconf 89' lang='lat' dir='ltr'><strong>sedit</strong></span> <span class='ocrx_word' id='word_1_148' title='bbox 1037 1891 1198 1927; x_wconf 88' lang='lat' dir='ltr'><strong>culmine</strong></span> <span class='ocrx_word' id='word_1_149' title='bbox 1223 1891 1379 1935; x_wconf 88' lang='lat' dir='ltr'><strong>cornix,</strong></span> 
     </span>
     <span class='ocr_line' id='line_1_22' title="bbox 528 1953 1434 2003; baseline -0.001 -13"><span class='ocrx_word' id='word_1_150' title='bbox 528 1956 602 1990; x_wconf 81' lang='lat' dir='ltr'><strong>Est</strong></span> <span class='ocrx_word' id='word_1_151' title='bbox 626 1955 737 1999; x_wconf 81' lang='lat' dir='ltr'><strong>bene,</strong></span> <span class='ocrx_word' id='word_1_152' title='bbox 762 1967 841 1991; x_wconf 87' lang='lat' dir='ltr'><strong>non</strong></span> <span class='ocrx_word' id='word_1_153' title='bbox 868 1955 994 2003; x_wconf 88' lang='lat' dir='ltr'><strong>potuit</strong></span> <span class='ocrx_word' id='word_1_154' title='bbox 1019 1954 1145 1990; x_wconf 87' lang='lat' dir='ltr'><strong>dicere</strong></span> <span class='ocrx_word' id='word_1_155' title='bbox 1168 1967 1176 1989; x_wconf 92' lang='lat'>:</span> <span class='ocrx_word' id='word_1_156' title='bbox 1198 1953 1315 1998; x_wconf 84' lang='lat' dir='ltr'><strong>dixit,</strong></span> <span class='ocrx_word' id='word_1_157' title='bbox 1343 1954 1434 1989; x_wconf 80' lang='lat' dir='ltr'><strong>Erit.</strong></span> 
     </span>
    </p>
   </div>
   <div class='ocr_carea' id='block_1_4' title="bbox 314 2054 1704 2441">
    <p class='ocr_par' dir='ltr' id='par_1_5' title="bbox 314 2054 1704 2441">
     <span class='ocr_line' id='line_1_23' title="bbox 314 2054 1704 2117; baseline -0.001 -18"><span class='ocrx_word' id='word_1_158' title='bbox 314 2057 465 2117; x_wconf 89' lang='lat' dir='ltr'><strong>Ipsum</strong></span> <span class='ocrx_word' id='word_1_159' title='bbox 483 2057 611 2100; x_wconf 86' lang='lat' dir='ltr'><strong>etiam</strong></span> <span class='ocrx_word' id='word_1_160' title='bbox 632 2057 938 2101; x_wconf 87' lang='lat' dir='ltr'><strong>Domitianum</strong></span> <span class='ocrx_word' id='word_1_161' title='bbox 958 2055 1106 2099; x_wconf 89' lang='lat' dir='ltr'><strong>ferunt</strong></span> <span class='ocrx_word' id='word_1_162' title='bbox 1127 2055 1384 2111; x_wconf 89' lang='lat' dir='ltr'><strong>somniasse,</strong></span> <span class='ocrx_word' id='word_1_163' title='bbox 1407 2054 1584 2116; x_wconf 86' lang='lat' dir='ltr'><strong>gibbam</strong></span> <span class='ocrx_word' id='word_1_164' title='bbox 1605 2054 1704 2110; x_wconf 89' lang='lat' dir='ltr'><strong>sibi,</strong></span> 
     </span>
     <span class='ocr_line' id='line_1_24' title="bbox 315 2135 1704 2198; baseline -0.001 -17"><span class='ocrx_word' id='word_1_165' title='bbox 315 2154 429 2198; x_wconf 89' lang='lat' dir='ltr'><strong>pone</strong></span> <span class='ocrx_word' id='word_1_166' title='bbox 455 2138 690 2194; x_wconf 88' lang='lat' dir='ltr'><strong>cervicem,</strong></span> <span class='ocrx_word' id='word_1_167' title='bbox 714 2153 894 2181; x_wconf 86' lang='lat' dir='ltr'><strong>auream</strong></span> <span class='ocrx_word' id='word_1_168' title='bbox 915 2146 1112 2194; x_wconf 85' lang='lat' dir='ltr'><strong>enatam,</strong></span> <span class='ocrx_word' id='word_1_169' title='bbox 1139 2152 1221 2197; x_wconf 93' lang='lat' dir='ltr'><strong>pro</strong></span> <span class='ocrx_word' id='word_1_170' title='bbox 1244 2145 1454 2195; x_wconf 88' lang='lat' dir='ltr'><strong>certoque</strong></span> <span class='ocrx_word' id='word_1_171' title='bbox 1479 2135 1704 2191; x_wconf 90' lang='lat' dir='ltr'><strong>habuisse,</strong></span> 
     </span>
     <span class='ocr_line' id='line_1_25' title="bbox 315 2215 1703 2279; baseline -0.001 -18"><span class='ocrx_word' id='word_1_172' title='bbox 315 2219 556 2261; x_wconf 86' lang='lat' dir='ltr'><strong>beatiorem</strong></span> <span class='ocrx_word' id='word_1_173' title='bbox 583 2228 681 2279; x_wconf 92' lang='lat' dir='ltr'><strong>post</strong></span> <span class='ocrx_word' id='word_1_174' title='bbox 704 2234 748 2261; x_wconf 90' lang='lat' dir='ltr'><strong>se</strong></span> <span class='ocrx_word' id='word_1_175' title='bbox 774 2217 1076 2278; x_wconf 84' lang='lat' dir='ltr'><strong>laetioremque</strong></span> <span class='ocrx_word' id='word_1_176' title='bbox 1096 2216 1302 2279; x_wconf 89' lang='lat' dir='ltr'><strong>portendi</strong></span> <span class='ocrx_word' id='word_1_177' title='bbox 1331 2215 1584 2277; x_wconf 80' lang='lat' dir='ltr'><strong>reipublicae</strong></span> <span class='ocrx_word' id='word_1_178' title='bbox 1612 2226 1703 2260; x_wconf 87' lang='lat' dir='ltr'><strong>sta-</strong></span> 
     </span>
     <span class='ocr_line' id='line_1_26' title="bbox 316 2296 1703 2355; baseline -0.001 -14"><span class='ocrx_word' id='word_1_179' title='bbox 316 2308 422 2342; x_wconf 91' lang='lat' dir='ltr'><strong>tum.</strong></span> <span class='ocrx_word' id='word_1_180' title='bbox 448 2299 571 2342; x_wconf 91' lang='lat' dir='ltr'><strong>Sicut</strong></span> <span class='ocrx_word' id='word_1_181' title='bbox 590 2314 695 2342; x_wconf 90' lang='lat' dir='ltr'><strong>sane</strong></span> <span class='ocrx_word' id='word_1_182' title='bbox 717 2299 839 2343; x_wconf 88' lang='lat' dir='ltr'><strong>brevi</strong></span> <span class='ocrx_word' id='word_1_183' title='bbox 863 2299 1028 2355; x_wconf 90' lang='lat' dir='ltr'><strong>evenit,</strong></span> <span class='ocrx_word' id='word_1_184' title='bbox 1049 2298 1309 2342; x_wconf 86' lang='lat' dir='ltr'><strong>abstinentia</strong></span> <span class='ocrx_word' id='word_1_185' title='bbox 1334 2307 1375 2341; x_wconf 87' lang='lat' dir='ltr'><strong>et</strong></span> <span class='ocrx_word' id='word_1_186' title='bbox 1397 2296 1703 2341; x_wconf 86' lang='lat' dir='ltr'><strong>moderatione</strong></span> 
     </span>
     <span class='ocr_line' id='line_1_27' title="bbox 316 2380 939 2441; baseline -0.002 -18"><span class='ocrx_word' id='word_1_187' title='bbox 316 2380 641 2440; x_wconf 89' lang='lat' dir='ltr'><strong>insequentium</strong></span> <span class='ocrx_word' id='word_1_188' title='bbox 675 2380 939 2441; x_wconf 87' lang='lat' dir='ltr'><strong>principum.</strong></span> 
     </span>
    </p>
   </div>
  </div>
 </body>
</html>
