1988 3407
203 292 508 304 “Qu-mms—
514 293 635 303 Μυν-
639 294 664 302 v-
668 292 1143 303 mffl—ffl-—fflsu
1147 293 1170 302 s·
1174 292 1226 302 sns—
1231 292 1509 304 mum-§unx
1515 295 1524 302 =
1528 294 1565 303 ns

740 475 1024 544 NOTAE

500 645 571 696 IN
611 642 990 698 VARIORUM
1027 644 1259 698 VITAS.

656 1075 695 1103 Ρ.
734 1075 948 1104 TERENTH
985 1076 1106 1103 VITA.

242 1157 372 1193 CAPUT
390 1158 420 1193 1.
441 1158 663 1193 Fenestella.
683 1157 934 1193 Historiarum
960 1157 1132 1205 scriptor,
1156 1157 1202 1193 de
1223 1170 1301 1206 quo
1321 1157 1407 1193 vide
1431 1159 1544 1193 LACT.
1559 1186 1569 1203 ,

187 1218 234 1253 de
253 1219 358 1253 Fals-
381 1220 444 1254 rel.
457 1245 468 1262 ‚
497 1231 531 1263 1,
547 1218 591 1264 6;
613 1218 752 1254 Smne.
769 1246 779 1263 ,
800 1219 924 1266 Epm.
950 1217 1254 1264 1083MAcnon.‚
1273 1219 1440 1262 Sanun,
1458 1231 1488 1265 1,
1507 1231 1572 1263 105

191 1279 382 1326 Cxusom,
412 1281 458 1315 de
489 1281 563 1316 Die
586 1288 685 1323 nat„
717 1293 813 1316 xxu.
843 1280 990 1316 Obiisse
1015 1281 1211 1316 novissimo
1244 1281 1384 1315 Tiberii
1411 1280 1569 1316 Coesare's

186 1342 399 1389 principatu
420 1341 512 1377 dicit
531 1341 645 1386 Plin.‚
672 1343 718 1376 H.
739 1342 784 1378 N.
799 1369 809 1386 ,
830 1354 958 1377 xxx1n
972 1370 982 1386 ‚
1006 1354 1039 1378 2.
1062 1342 1116 1377 Cf.
1143 1344 1251 1378 Voss.
1264 1369 1274 1386 ‚
1291 1343 1338 1377 de
1358 1343 1456 1386 Hist‚
1477 1344 1540 1377 lut.
1557 1370 1568 1385 ,

190 1415 225 1447 1,
256 1416 320 1450 19,
341 1410 378 1439 et
397 1404 592 1448 Graan„
619 1404 667 1438 de
686 1404 787 1438 Poet.
809 1404 901 1438 dial.
915 1431 926 1446 ‚
954 1416 1013 1438 xi„

240 1465 338 1499 Dum
359 1466 560 1500 lasciviam.
583 1465 662 1501 Hos
687 1477 815 1501 versus
834 1465 885 1500 ita
912 1463 1064 1500 refinxit
1083 1464 1243 1501 Wolfius
1267 1479 1274 1499 z

329 1559 412 1589 Dum
433 1557 591 1589 lasciviam
609 1563 641 1589 et
659 1556 768 1589 laudes
786 1556 906 1589 fucosas
925 1558 1004 1600 petit
1025 1568 1032 1589 :

326 1615 410 1645 Dum
429 1612 572 1645 Africani
594 1623 702 1645 vocem
721 1612 861 1645 divinam
880 1612 982 1646 inhiat
1003 1614 1100 1644 avidis
1119 1614 1248 1645 auribus
1269 1627 1276 1642 :

326 1670 411 1700 Dum
428 1678 460 1699 se
478 1668 519 1699 ad
540 1667 668 1699 Furium
689 1678 814 1700 coenare
833 1674 864 1700 et
883 1669 1011 1700 Laelium
1033 1669 1199 1711 pulchrum
1220 1675 1308 1711 putat
1329 1682 1335 1697 z

325 1725 411 1753 Dum
431 1733 464 1754 se
483 1723 581 1754 amari
602 1723 643 1754 ab
664 1723 753 1755 hisce
773 1724 892 1761 credit,
914 1724 1026 1755 crebro
1047 1725 1080 1756 in
1102 1724 1263 1756 Albanum
1285 1725 1354 1766 rapi

328 1776 378 1808 oh
398 1775 508 1808 florem
528 1777 626 1809 aetatis
648 1787 754 1811 suae....
776 1777 906 1820 ipsus....

329 1831 399 1863 Suis
418 1831 530 1864 oblatis
549 1831 642 1864 rebus
664 1832 704 1864 ad
725 1843 880 1864 summam
904 1833 1048 1876 inopiam
1071 1834 1214 1865 redactus
1236 1841 1290 1865 est.

329 1889 438 1929 Itaque
451 1896 469 1918 e
482 1894 650 1929 conspectu
666 1888 809 1920 omnium
825 1888 978 1919 Graeciam
993 1890 1046 1927 (au
1060 1890 1225 1931 Graeciae?)
1236 1889 1269 1921 iu
1283 1895 1398 1920 terram
1411 1890 1569 1921 ultimam:

328 1943 473 1973 Mortuus
493 1947 540 1974 est
559 1942 592 1974 in
614 1943 799 1985 Stymphale
820 1943 965 1975 Arcadiae
988 1944 1109 1987 oppido
1130 1955 1138 1976 :
1159 1945 1202 1975 uil
1225 1944 1352 1976 Publius

327 1996 433 2039 Scipio
454 1996 501 2028 illi
520 1997 659 2039 profuit,
679 1999 723 2029 nil
748 1998 876 2036 Laelius,
898 1999 943 2030 nil
962 1998 1089 2037 Furius,

328 2055 407 2085 'rres
426 2063 483 2095 per
501 2052 534 2084 id
555 2059 679 2095 tempus
698 2055 752 2096 qui
772 2055 933 2096 agitabant
955 2055 1076 2087 nobiles
1095 2055 1251 2087 facillume
1272 2069 1278 2086 :

331 2109 446 2139 Eorum
466 2107 518 2139 ille
537 2119 631 2150 opera
650 2118 691 2140 ue
712 2109 840 2141 domum
861 2111 988 2152 quidem
1008 2110 1121 2142 habuit
1140 2111 1362 2142 conductitiam
1377 2135 1385 2148 ,

332 2163 447 2195 Saltem
469 2169 504 2194 ut
526 2170 605 2196 esset
627 2175 689 2206 quo
711 2165 842 2197 referret
863 2166 987 2198 obitum
1006 2166 1129 2198 domini
1151 2167 1298 2198 servolus.

245 2257 330 2293 Cn.
353 2258 402 2292 11.
430 2262 464 2293 A
485 2260 620 2293 Loelio.
643 2259 719 2295 Cic.
749 2261 803 2294 ad
828 2263 963 2304 Attic„
987 2274 1066 2306 vu,
1089 2263 1109 2298 3
1132 2275 1139 2296 t
1168 2278 1182 2292 α
1203 2263 1360 2298 Secutus
1386 2275 1466 2297 sum
1493 2265 1571 2298 Te-

189 2318 350 2352 rentium
375 2318 485 2364 cujus
506 2319 650 2355 fabellae
675 2329 833 2368 propter
853 2323 1073 2371 elegantiam
1100 2324 1279 2358 sermonis
1300 2324 1533 2371 putabantur
1553 2336 1573 2359 a

189 2380 228 2414 C.
250 2380 364 2414 Laelio
385 2381 510 2416 scribi.
527 2397 545 2413 η

240 2441 425 2489 Scipione.
445 2444 501 2478 De
523 2444 584 2478 illo
613 2446 704 2479 Vell.
719 2473 727 2488 ,
749 2459 761 2480 1
776 2474 784 2490 ,
818 2447 861 2482 13
891 2461 897 2480 :
923 2463 940 2478 α
961 2449 1052 2482 Tam
1081 2449 1230 2494 elegans
1249 2447 1461 2483 liberalium
1486 2456 1570 2483 stu-

188 2503 357 2549 diorum,
378 2505 573 2552 omnisque
595 2506 772 2542 doctrinae
797 2515 833 2543 et
861 2516 993 2543 auctor
1027 2516 1062 2544 et
1082 2509 1288 2544 admirator
1310 2509 1401 2554 fuit,
1426 2516 1468 2544 ut
1492 2511 1568 2544 Po-

186 2564 350 2613 lybium,
369 2559 572 2601 Panaet'ium
586 2596 594 2611 ,
622 2570 872 2615 praecellentes
892 2570 1044 2618 ingenio
1075 2571 1199 2615 viros,
1222 2572 1329 2606 domi
1350 2571 1569 2619 militiaequc

187 2637 312 2661 aecum
331 2626 527 2672 habuerit,
547 2641 694 2676 semper
709 2629 805 2665 inter
818 2643 918 2666 arma
933 2644 974 2666 ac
987 2632 1112 2667 studia
1125 2639 1301 2668 versatus.
1319 2648 1336 2664 n

243 2687 329 2723 Cn.
363 2689 427 2723 ΙΙΙ.
457 2689 681 2735 Temporius.
710 2692 753 2725 H.
781 2706 808 2725 e.
835 2693 1033 2736 maturius,
1054 2695 1111 2728 vel
1132 2693 1305 2736 celerius,
1331 2693 1427 2727 utin
1453 2695 1572 2728 Colu-
