1971 3342
411 284 483 318 223
1013 252 1162 309 NoTAE

466 358 668 393 Hortalum.
691 356 745 390 De
771 365 846 400 quo
874 351 1010 394 Tacit.‚
1041 349 1198 388 Amml„
1222 358 1273 389 11,
1305 345 1348 387 37
1373 356 1380 376 t
1403 343 1554 388 “Nepos
1573 348 1650 375 erat
1669 342 1770 376 Hor-

411 419 538 463 tensii,
567 417 709 452 illectus
734 427 753 449 a
779 415 823 449 D.
851 415 1021 458 Augusto
1051 408 1271 443 liberalitate
1292 404 1412 439 decies
1431 401 1604 447 sestertii,
1636 402 1772 437 ducere

413 492 586 522 uxorem,
608 476 792 523 suscipere
814 474 970 515 liberos,
990 483 1035 505 ne
1055 468 1250 505 clarissima
1270 464 1407 501 familia
1426 463 1732 511 exstingueretur.
1757 479 1771 493 ι

465 551 550 582 (jn.
588 545 764 582 XLVIII.
807 544 1026 576 Insularum.
1066 537 1168 583 Quid
1214 534 1351 570 fuerint
1393 533 1525 567 insuloe
1567 531 1654 567 vide
1690 544 1771 578 sup.

416 610 507 644 Cres.
520 636 528 649 ,
552 621 625 644 XLI.

467 677 651 713 Restituto.
682 676 775 709 Veli.
791 702 799 718 ‚
823 687 872 717 11,
904 672 973 707 130
1007 684 1013 704 :
1039 671 1151 714 «Qua
1178 663 1415 708 liberalitate,
1439 675 1555 710 quum
1584 663 1671 697 alias
1695 669 1774 696 tum

415 737 583 786 proxime
602 736 752 771 incenso
777 740 903 768 monte
927 730 1064 775 Coelio,
1085 728 1203 763 omnis
1225 725 1367 760 ordinis
1390 723 1585 758 hominum
1602 722 1775 768 jacturae,

414 796 641 844 patrimonio
662 793 825 829 occurrit
844 805 925 827 suo.
948 808 961 822 »
981 790 1035 826 Cf.
1059 792 1212 831 Tmun,
1239 786 1375 821 Aunal.
1389 811 1398 826 ,
1425 797 1476 828 lv,
1499 783 1566 828 64,
1584 789 1619 818 et
1639 784 1776 828 DioN.‚

417 869 532 901 evm,
556 869 592 903 p.
614 854 699 891 638.
1496 836 1500 840 “

468 925 703 961 collocarent.
725 922 860 966 Tacit.‚
880 922 1039 961 ArmaL,
1062 931 1112 964 Ιν,
1136 930 1177 962 ¹7
1201 929 1209 950 z
1232 932 1246 946 «
1267 915 1326 950 Ad
1347 915 1420 949 hoc
1444 919 1590 949 senatus
1608 911 1778 958 praescri-

416 992 556 1033 pserat,
578 984 669 1019 duas
695 982 854 1030 quisque
879 980 1032 1015 foenoris
1060 985 1181 1025 partes
1201 977 1239 1010 in
1271 975 1366 1023 agris
1392 987 1459 1022 per
1482 973 1625 1008 Italiam
1657 973 1777 1008 collo-

416 1053 526 1081 caret.
544 1062 557 1076 »

466 1115 632 1150 susi-erit.
655 1114 741 1148 Non
760 1112 839 1158 ipse
866 1117 988 1145 autem
1004 1109 1132 1156 jussit,
1152 1115 1188 1143 at
1207 1114 1372 1149 senatus,
1390 1110 1487 1139 auct.
1506 1098 1621 1139 Tacit.
1634 1131 1644 1148 ‚
1666 1105 1779 1144 Anu„

418 1189 470 1221 lv,
495 1177 542 1217 64
565 1188 572 1209 ε
596 1173 829 1209 «Adduntur
849 1171 1058 1215 sententiae,
1077 1177 1119 1205 ut
1142 1181 1249 1203 mons
1277 1165 1413 1202 Coelius
1439 1165 1478 1199 in
1495 1170 1686 1211 posterum
1700 1164 1782 1198 Au-

416 1244 544 1284 gustus
564 1230 823 1282 appellaretur.
843 1249 856 1263 >1

469 1306 685 1353 Duplicata.
719 1303 779 1339 Ad
814 1302 1132 1349 comprimendam
1174 1299 1333 1334 militum
1373 1296 1604 1332 seditionem.
1644 1295 1784 1338 Tacit.‚

418 1369 580 1410 AnnaL,
604 1379 638 1411 1,
670 1366 716 1402 36
742 1379 749 1399 ι
772 1381 786 1396 «
802 1364 988 1399 Volutatis
1008 1363 1104 1397 inter
1129 1374 1166 1396 se
1192 1360 1421 1403 rationibus,
1445 1358 1623 1405 placitum
1642 1364 1683 1391 ut
1702 1356 1784 1403 epi-

417 1429 518 1464 stolae
554 1427 705 1462 nomine
740 1425 920 1472 principis
957 1423 1246 1460 scriberentur...
1278 1422 1418 1467 legata,
1445 1431 1527 1467 quae
1556 1417 1786 1465 petiverant,

417 1488 557 1524 exsolvi
577 1488 848 1535 duplicarique.
870 1502 886 1517 »

472 1561 645 1606 Excepta
670 1560 776 1592 Asia.
798 1557 921 1591 Asiam
955 1555 1053 1590 enim
1081 1553 1308 1595 sublevavit,
1341 1557 1420 1587 test.
1453 1551 1585 1594 Oros,
1615 1560 1697 1592 vn,
1728 1552 1747 1588 4
1779 1559 1786 1580 ε

419 1623 545 1656 «Sane
573 1620 667 1655 Asiae
699 1619 864 1653 civitates
895 1618 958 1651 illo
986 1624 1091 1650 terrae
1122 1622 1224 1650 motu
1250 1613 1413 1656 dirutas,
1442 1611 1585 1646 tributo
1614 1609 1788 1652 dimisso,

419 1681 570 1728 propria
599 1680 707 1715 etiam
726 1679 945 1714 liberalitate
964 1676 1129 1712 donavit.
1147 1692 1162 1707 υ

472 1752 591 1786 ,Melta
619 1752 674 1785 De
693 1750 765 1784 hoc
784 1748 896 1792 Plin.‚
920 1760 972 1792 11,
1000 1746 1047 1788 84
1076 1760 1083 1780 z
1113 1745 1332 1780 «Maximus
1357 1750 1461 1777 terrae
1486 1741 1663 1777 memoria
1686 1752 1788 1775 mor-

421 1814 549 1848 talium
577 1811 715 1847 exstitit
741 1817 883 1853 motus,
908 1807 1048 1844 Tiberii
1072 1806 1222 1842 Caesaris
1241 1805 1476 1853 principatu,
1495 1802 1695 1839 duodecim
1722 1814 1790 1836 ur-

421 1875 530 1909 bibus
549 1872 643 1907 Asiae
662 1884 736 1906 una
754 1877 865 1905 nocte
883 1868 1087 1916 prostratis.
1105 1884 1119 1899 »

475 1945 558 1979 Cam.
580 1942 722 1977 XLIX.
757 1943 954 1987 Augurem.
980 1940 1127 1982 senec„
1153 1939 1201 1972 de
1223 1935 1353 1979 Benefi
1369 1961 1378 1976 ,
1409 1947 1460 1979 11,
1482 1946 1527 1978 27
1551 1934 1669 1968 :«Cn.
1694 1933 1791 1967 Len—

423 2006 521 2039 tulus
555 2015 687 2051 augur,
728 2000 941 2035 divitiarum
972 1998 1174 2033 maximum
1200 1997 1428 2043 exemplum,
1457 2001 1657 2040 antequam
1689 1992 1790 2027 illum

423 2063 586 2099 libertini
618 2073 824 2109 pauperem
855 2061 1018 2095 facerent
1039 2058 1118 2108 (hic
1147 2065 1280 2105 quater
1307 2056 1435 2090 millies
1454 2055 1659 2090 sestertium
1687 2065 1792 2088 suum

424 2123 531 2173 vidit)
553 2122 692 2173 ingenii
710 2122 780 2156 fuit
799 2129 872 2155 tam
893 2120 1042 2164 sterilis,
1064 2131 1176 2166 quam
1194 2117 1318 2165 pusilli
1342 2116 1465 2151 animi.
1488 2132 1503 2147 »

477 2186 673 2232 Lepidam.
696 2185 739 2218 A.
755 2183 802 2217 U.
826 2181 910 2226 773.
935 2181 988 2215 Cf.
1009 2182 1143 2215 ΤΑοιτ.
1158 2207 1168 2224 ‚
1191 2179 1328 2213 Annal.
1343 2203 1353 2219 ‚
1374 2189 1445 2221 1¹1,
1465 2188 1525 2211 22.
1546 2176 1640 2210 Hinc
1663 2174 1794 2222 proavi

426 2254 548 2291 erant,
570 2257 680 2292 super
705 2243 940 2278 AEmiliorum
963 2241 1095 2283 decus,
1117 2242 1158 2275 L.
1180 2240 1281 2274 Sulla
1308 2250 1349 2272 ae
1377 2239 1443 2273 Cn.
1469 2235 1677 2283 Pompeius.

482 2307 716 2353 Confiscatos.
739 2306 783 2339 H.
805 2316 835 2338 e.
858 2302 1037 2350 spoliatos
1055 2301 1128 2336 suis
1150 2300 1278 2343 bonis,
1302 2312 1383 2345 quae
1401 2298 1590 2344 publicata
1603 2296 1793 2342 adfiscum

428 2368 549 2402 delata
570 2366 726 2401 fuerant.

485 2429 679 2463 Haberent.
704 2426 818 2461 Tacit.
832 2453 841 2470 ‚
867 2427 998 2460 Amml.
1013 2450 1022 2466 ,
1044 2436 1103 2467 vl,
1130 2424 1172 2457 16
1195 2435 1203 2456 :
1224 2437 1238 2453 «
1256 2423 1400 2456 Interea
1424 2431 1554 2465 magna
1573 2419 1626 2453 vis
1644 2429 1795 2453 accusa-

430 2496 553 2523 torum
573 2488 609 2522 in
629 2500 692 2522 eos
711 2486 866 2533 irrupit,
881 2485 946 2532 qui
966 2484 1140 2531 pecunias
1168 2484 1310 2517 foenore
1331 2481 1582 2524 auctitabant,
1603 2479 1795 2513 adversum

432 2550 547 2597 legem
574 2547 765 2583 dictatoris
791 2546 957 2590 effaris,
985 2557 1058 2592 qua
1087 2544 1133 2579 de
1158 2543 1272 2578 modo
1294 2541 1484 2584 credendi,
1506 2537 1797 2587 possidendique

433 2609 527 2643 intra
543 2608 684 2643 Italiam
703 2615 866 2649 cavetur,
888 2606 1057 2641 omissam
1077 2604 1165 2639 olim
1187 2603 1275 2650 quia
1294 2596 1441 2650 privato
1461 2599 1543 2635 usui
1564 2599 1707 2634 bonum
1725 2609 1775 2643 pu
1788 2618 1797 2622 —

434 2668 568 2704 bilcum
605 2668 881 2715 postponitur-‚u
909 2666 1007 2709 Quid
1028 2666 1095 2699 hae
1126 2666 1204 2710 lege
1231 2663 1409 2698 sancitum
1435 2660 1545 2695 fuerit
1572 2659 1681 2693 docet
1708 2656 1798 2699 Dio,
