1988 3407
800 249 960 284 TITUS.
1538 247 1583 293 57

195 342 257 384 tia
304 340 464 383 minor.
503 336 844 398 Amphitheatro
886 332 1113 387 dedicato,
1155 331 1426 392 thermisque
1464 331 1591 392 juxta

194 420 398 465 celeriter
427 419 682 473 exstructis,
720 431 882 460 munus
913 412 1050 458 edidit
1079 412 1466 475 apparatissimum
1503 410 1591 455 lar-

193 503 530 565 gissimumque.
554 498 691 545 Dedit
727 507 769 542 et
812 494 966 541 navale
995 493 1199 557 proelium
1231 495 1274 537 in
1309 494 1443 537 veteri
1474 493 1592 537 Nau-

192 584 370 629 machia
392 601 402 628 :
428 582 592 627 ibidem
619 590 662 624 et
689 578 954 642 gladiatores
980 595 988 622 :
1021 587 1154 638 atque
1184 592 1274 620 uno
1297 574 1366 619 die
1397 575 1595 635 quinque

193 663 331 709 millia
360 680 491 709 omne
520 678 660 724 genus
686 660 892 705 ferarum.

255 748 379 792 VIII.
413 746 582 790 Natura
612 753 759 788 autem
786 741 1256 796 benevolentissimus,
1284 756 1424 801 quum
1455 757 1507 783 ex
1535 740 1597 783 in—

196 828 353 872 stituto
375 825 541 871 Tiberii
565 842 717 870 omnes
738 823 900 868 dehinc
925 825 1121 868 Caesares
1146 822 1388 878 beneficia,
1411 838 1434 866 a
1465 837 1595 882 supe-

200 908 393 953 rioribus
414 924 622 952 concessa
651 906 953 968 principibus,
978 905 1107 950 aliter
1129 915 1226 950 rata
1248 921 1339 949 non
1362 904 1598 960 haberent,

191 1005 326 1051 quam
360 990 395 1033 si
436 988 589 1034 eadem
618 988 773 1033 iisdem
811 998 853 1033 et
879 989 964 1050 ipsi
996 987 1243 1043 dedissent,
1283 988 1452 1050 primus
1485 1003 1597 1048 prae-

194 1071 325 1116 terita
354 1072 505 1116 omnia
530 1088 619 1116 uno
642 1071 928 1116 confirmavit
953 1070 1126 1127 edict03
1157 1086 1239 1114 nec
1264 1086 1289 1114 a
1317 1086 1361 1114 se
1384 1070 1470 1131 peti
1501 1085 1600 1131 pas-

194 1169 267 1197 sus
294 1163 372 1198 est.
400 1155 453 1197 In
497 1154 653 1198 ceteris
691 1169 795 1197 vero
824 1151 1048 1197 desideriis
1074 1152 1308 1196 hominum
1347 1152 1601 1196 obstinatis-

195 1235 303 1280 sime
342 1236 512 1291 tenuit,
545 1252 599 1278 ne
624 1251 759 1296 quem
792 1235 885 1279 sine
913 1251 989 1296 spe
1014 1234 1269 1279 dimitteret.
1295 1234 1418 1293 Quin
1445 1243 1487 1278 et
1525 1233 1602 1278 ad-

196 1316 479 1361 monentibus
500 1315 750 1361 domesticis
766 1352 777 1371 ,
802 1316 963 1376 «quasi
984 1315 1114 1377 plura
1135 1314 1437 1378 polliceretur,
1466 1332 1600 1376 quam

195 1408 404 1460 praestare
442 1409 590 1460 posset
618 1416 669 1442 :»
689 1426 753 1432 —-
775 1418 795 1440 «
817 1400 921 1444 Non
959 1408 1187 1459 oportere,
1219 1418 1240 1439 »
1276 1399 1362 1453 ait,
1400 1417 1420 1439 ι(
1449 1409 1603 1459 quem-

195 1496 326 1540 quam
363 1496 388 1524 a
425 1496 628 1524 sermone
662 1479 876 1541 principis
917 1479 1087 1524 tristem
1131 1479 1419 1524 discedere.»
1458 1482 1603 1540 Atque

196 1561 326 1606 etiam
363 1561 623 1606 recordatus
662 1559 890 1623 quondam
927 1577 1062 1623 super
1102 1578 1302 1618 coenam,
1340 1560 1461 1621 quod
1493 1559 1603 1606 nihil

196 1643 404 1704 cuiquam
432 1653 527 1688 toto
553 1643 622 1687 die
650 1643 949 1704 praestitisset,
979 1641 1311 1687 memorabilem
1335 1641 1482 1697 illam,
1513 1660 1603 1687 me-

196 1727 370 1786 ritoque
388 1725 613 1771 laudatam
635 1743 790 1770 vocem
811 1724 949 1770 edidit
969 1743 978 1770 2
999 1745 1019 1767 ‹<
1041 1726 1211 1783 Amici,
1233 1725 1349 1770 diem
1372 1724 1562 1787 perdidi.
1586 1745 1605 1766 »

195 1806 419 1869 Populum
450 1809 495 1851 in
530 1807 685 1868 primis
724 1808 981 1852 universum
1017 1816 1140 1852 tanta
1175 1824 1254 1870 per
1289 1823 1440 1852 omnes
1478 1823 1604 1851 occa-

199 1891 342 1934 siones
370 1890 579 1934 comitate
607 1889 836 1946 tractavit,
863 1898 938 1945 ut,
963 1889 1196 1950 proposito
1219 1887 1484 1950 gladiatorio
1508 1904 1605 1931 mu-

198 1987 332 2025 nere,
376 1990 396 2011 «
435 1987 525 2015 non
556 1969 609 2013 ad
641 1987 797 2025 suum,
836 1968 909 2014 sed
939 1969 993 2013 ad
1029 1970 1326 2030 spectantium
1369 1968 1605 2012 arbitrium

200 2052 424 2097 editurum
465 2069 532 2109 se,
564 2072 585 2094 ›>
621 2051 845 2114 professus
883 2051 951 2095 sit.
990 2053 1047 2095 Et
1088 2049 1219 2112 plane
1252 2050 1311 2094 ita
1343 2049 1459 2094 fecit.
1490 2050 1606 2093 Nam

201 2150 347 2195 neque
375 2134 554 2195 negavit
577 2134 816 2195 quicquam
843 2133 1118 2195 petentibus;
1146 2142 1188 2176 et
1210 2142 1280 2189 ut,
1307 2149 1403 2193 quae
1426 2130 1608 2187 vellent,

202 2225 429 2277 peterent,
464 2214 582 2260 ultro
615 2214 879 2259 adhortatus
907 2224 985 2259 est.
1015 2215 1138 2273 Quin
1167 2224 1210 2258 et
1239 2213 1440 2258 studium
1467 2229 1610 2257 arma-

202 2308 310 2341 turae
335 2297 553 2341 Threcum
585 2313 674 2358 prae
698 2313 742 2341 se
768 2296 937 2354 ferens,
963 2313 1076 2358 saepe
1103 2313 1203 2341 cum
1232 2294 1401 2358 populo
1433 2305 1475 2339 et
1503 2312 1609 2339 voce

202 2388 245 2424 et
264 2389 411 2440 gestu,
429 2389 477 2422 ut
500 2378 661 2435 fautor,
677 2377 908 2423 cavillatus
928 2388 1014 2433 est;
1035 2394 1188 2422 verum
1212 2379 1443 2439 majestate
1463 2376 1609 2429 salva,

204 2477 282 2505 nec
307 2461 452 2505 miuus
494 2460 710 2520 aequitate.
741 2461 810 2505 Ne
848 2458 955 2520 quid
994 2458 1307 2521 popularitatis
1343 2459 1609 2520 praetermit-

203 2551 338 2599 teret,
380 2557 701 2603 nonnunquam
744 2541 787 2584 in
834 2541 1017 2585 thermis
1069 2541 1184 2597 suis,
1225 2539 1413 2583 admissa
1453 2538 1609 2600 plebe,

203 2622 324 2668 lavit.
350 2621 568 2682 Quaedam
598 2623 678 2666 sub
703 2639 755 2666 eo
784 2621 966 2667 fortuita
992 2639 1042 2666 ac
1067 2622 1209 2665 tristia
1239 2620 1498 2665 acciderunt
1525 2638 1533 2663 ε
1562 2631 1610 2664 ut

205 2704 497 2766 conflagratio
524 2705 680 2748 Vesevi
715 2705 878 2748 montis
911 2705 953 2748 in
985 2704 1253 2765 Campania3
1284 2712 1324 2745 et
1356 2701 1609 2746 incendium
