1988 3439
537 287 782 323 OCTAVIUS
810 285 1079 320 AUGUSTUS.
1448 282 1493 330 75

142 380 270 430 atque
284 389 333 414 ex
361 371 613 432 improbatis
633 369 737 413 alios
758 386 900 429 poena,
925 367 1031 412 alios
1054 367 1289 429 ignominia
1308 368 1494 423 notavit,

140 449 284 509 plures
309 451 623 503 admonitione,
647 448 720 493 sed
745 450 891 493 varia:
913 447 1179 492 lenissimum
1197 463 1332 508 genus
1349 447 1496 490 admo·

142 531 316 574 nitionis
346 531 427 574 fuit
457 529 631 574 traditio
656 546 801 573 coram
830 528 1134 590 pugillarium,
1160 544 1269 588 quos
1290 527 1429 583 taciti,
1456 537 1498 570 et

140 611 299 655 ibidem
323 611 467 655 statim
496 608 713 672 legerent:
740 611 992 671 notavitque
1016 608 1202 669 aliquos,
1230 606 1346 667 quod
1370 623 1500 666 pecu-

142 690 232 734 nias
259 690 490 735 levioribus
522 690 665 734 usuris
701 691 913 747 mutuati,
947 690 1144 751 graviore
1183 688 1332 732 fenore
1363 685 1499 730 eollo-

140 782 318 816 casseut.

201 854 293 896 XL.
325 853 521 897 Comitiis
550 853 809 910 tribunitiis,
840 853 874 897 si
909 852 1105 897 deessent
1133 848 1353 896 candidati
1378 864 1501 892 sena-

140 942 274 990 toreS,
301 949 351 977 ex
386 934 604 994 equitibus
644 934 835 977 romanis
873 933 1055 990 creavit,
1093 932 1151 975 ita
1191 940 1262 987 ut,
1290 937 1503 991 potestate

140 1022 379 1070 transacta,
409 1014 451 1056 in
475 1024 576 1058 utro
601 1012 762 1058 vellent
797 1013 949 1058 ordine
978 1020 1216 1056 manerent.
1246 1011 1396 1068 Quum
1428 1025 1504 1052 au-

141 1100 225 1136 tem
251 1092 446 1154 plerique
461 1095 678 1154 equitum,
697 1095 848 1138 attrito
868 1092 990 1137 bellis
1011 1092 1210 1137 civilibus
1226 1089 1505 1152 patrimonio,

140 1183 333 1233 spectare
355 1173 480 1218 ludos
496 1193 518 1218 e
540 1174 869 1235 quatuordeeim
890 1191 976 1218 non
990 1173 1221 1228 auderent,
1240 1180 1356 1214 metu
1371 1185 1506 1230 poenae

142 1252 386 1309 theatralis,
415 1255 740 1315 pronuntiavit,
770 1271 856 1298 non
886 1255 1022 1297 teneri
1044 1270 1114 1309 ea,
1136 1251 1292 1312 quibus
1315 1250 1417 1310 ipsis
1438 1265 1508 1309 pa-

144 1333 392 1377 rentibusve
418 1344 618 1393 equester
643 1351 795 1378 census
823 1350 1046 1393 nunquam
1073 1332 1234 1376 fuisset.
1260 1328 1418 1391 Populi
1441 1346 1508 1372 re-

142 1429 319 1456 censum
367 1413 537 1456 vicatim
575 1414 662 1475 egit
703 1430 712 1456 :
754 1430 823 1470 ac,
866 1429 920 1456 ne
956 1411 1075 1472 plebs
1115 1411 1507 1454 frumentationum

143 1507 269 1535 causa
297 1492 564 1553 frequentius
590 1510 614 1537 a
640 1494 823 1556 negotiis
848 1502 1127 1548 avocaretur,
1156 1501 1222 1534 ter
1262 1490 1305 1533 in
1345 1505 1507 1532 annum

141 1583 404 1633 quaternum
429 1575 643 1618 mensium
672 1585 852 1619 tesseras
879 1573 982 1618 dare
1007 1573 1260 1626 destinavit3
1297 1570 1371 1615 sed
1401 1569 1511 1614 desi-

142 1652 311 1698 deranti
336 1655 692 1699 consuetudinem
718 1666 908 1700 veterem
936 1655 1148 1700 concessit
1174 1669 1347 1708 rursus,
1370 1661 1419 1695 ut
1443 1650 1509 1694 sui

143 1735 352 1796 quusque
387 1737 545 1780 mensis
580 1737 806 1797 acciperet.
847 1736 1139 1781 Comitiorum
1165 1750 1340 1794 quoque
1374 1731 1514 1793 pristi-

147 1831 253 1858 num
277 1816 347 1876 jus
374 1816 543 1859 reduxit
568 1834 576 1859 :
604 1833 652 1860 ae
680 1815 910 1877 multiplici
943 1832 1071 1877 poena
1099 1815 1288 1858 coercito
1315 1813 1512 1868 ambitu,

147 1895 344 1939 Fabianis
368 1906 409 1939 et
434 1896 775 1957 Scaptiensibus,
802 1895 1035 1940 tribulibus
1067 1896 1154 1939 suis
1173 1929 1184 1951 ‚
1210 1894 1278 1937 die
1310 1892 1512 1937 comitio-

146 1991 266 2030 rum,
301 1992 355 2019 ne
380 1975 484 2036 quid
512 1992 535 2019 a
564 1993 783 2036 quoquam
809 1976 1042 2020 candidato
1072 1974 1387 2029 desiderarent,
1426 1974 1513 2015 sin-

145 2054 245 2115 gula
282 2055 416 2100 millia
451 2074 679 2101 nummum
711 2074 734 2101 a
777 2074 819 2101 se
855 2056 1086 2100 dividebat.
1121 2055 1271 2115 Magni
1306 2062 1513 2114 praeterea

145 2136 414 2193 existimans,
441 2138 656 2181 sincerum
673 2147 801 2198 atque
825 2138 878 2181 ab
899 2137 1015 2180 omni
1034 2134 1280 2180 colluvione
1299 2132 1515 2194 peregrini

147 2231 196 2259 ac
222 2214 386 2259 servilis
411 2218 632 2277 sanguinis
666 2219 968 2279 incorruptum
998 2232 1168 2260 servare
1204 2213 1439 2276 populum,
1473 2222 1515 2256 et

148 2296 366 2339 civitatem
404 2312 629 2339 romanam
654 2298 904 2357 parcissime
941 2296 1084 2352 (ledit,
1111 2305 1152 2339 et
1176 2292 1511 2338 manumittendi

149 2375 326 2419 modum
356 2377 619 2419 terminavit.
648 2376 840 2431 Tiberio,
864 2393 941 2435 pro
967 2375 1121 2418 cliente
1148 2377 1303 2418 Graeco
1326 2374 1516 2434 petenti,

148 2456 387 2516 rescripsit,
411 2457 550 2499 «Nou
585 2455 709 2500 aliter
745 2472 787 2499 se
830 2454 1054 2509 daturum,
1096 2471 1224 2513 quam
1262 2454 1295 2497 si
1332 2470 1515 2513 praesens

149 2536 229 2579 sibi
258 2537 559 2597 persuasisset,
583 2553 715 2597 quam
741 2537 877 2596 justas
913 2533 1085 2595 petendi
1117 2551 1266 2577 causas
1293 2534 1517 2576 liaberet.»

151 2619 206 2660 Et
235 2617 385 2670 Liviae,
411 2627 490 2677 pro
520 2617 707 2676 quodam
737 2617 968 2660 tributario
994 2614 1123 2658 Gallo
1149 2615 1344 2675 roganti,
1365 2614 1518 2656 civita-

153 2707 237 2740 tem
271 2698 464 2758 negavit,
493 2698 808 2740 immunitatem
837 2695 1017 2752 obtulit,
1047 2697 1286 2750 affirmans,
1308 2697 1387 2738 «So
1418 2693 1515 2737 saci-
