1971 3342
428 258 443 280 ι
451 245 498 279 80
956 240 991 274 C.
1021 239 1210 275 SUETON
1217 239 1250 272 ΙΙ

425 327 566 382 tavit3
598 335 670 382 et,
711 323 1006 368 custodiarum
1047 322 1200 366 seriem
1240 336 1582 381 recognoscens,
1623 319 1780 365 nullius

427 408 623 467 inspecto
648 403 816 465 elogio,
842 413 960 446 stans
986 400 1290 445 tantummodo
1318 401 1431 443 intra
1456 401 1671 460 porticum
1698 418 1782 444 me-

426 486 565 539 diam,
590 502 614 528 a
641 482 762 528 calvo
785 483 839 526 ad
864 480 1035 525 calvum
1058 481 1158 524 duci
1186 481 1426 541 imperavit.
1449 483 1612 524 Votum
1643 483 1784 542 exegit

427 566 480 610 ab
507 582 585 622 eo,
613 565 686 624 qui
714 579 793 623 pro
821 560 956 605 salute
984 577 1060 604 sua
1089 559 1387 620 gladiatoriam
1415 575 1592 620 operam
1617 561 1783 621 promi-

427 655 564 701 serat,
586 643 883 704 spectavitque
915 640 1030 683 ferro
1053 639 1354 695 dimicantem3
1382 655 1459 683 nec
1486 639 1648 683 dimisit
1665 673 1676 695 ,
1704 640 1786 682 nisi

428 726 660 778 victorem,
687 731 729 764 et
753 730 852 781 post
876 718 1034 762 multas
1058 735 1219 778 preces.
1249 718 1472 775 Alterum,
1501 719 1576 779 qui
1599 735 1644 762 se
1669 720 1783 779 peri-

431 815 576 848 turum
598 819 647 845 ea
669 801 721 844 de
745 816 872 844 causa
898 808 1093 854 voverat,
1114 809 1389 842 cunctantem
1414 801 1558 859 pueris
1582 799 1786 852 tradidit3

430 884 710 927 verbenatum
730 879 1066 939 infulatumque,
1087 888 1237 922 votum
1259 890 1552 939 reposcentes,
1576 896 1654 939 per
1670 880 1788 923 vicos

437 971 632 1024 agerent,
650 960 793 1021 quoad
815 960 1158 1020 praeeipitaretur
1178 975 1229 1002 ex
1246 974 1416 1018 aggere.
1434 958 1597 1002 Multos
1616 959 1787 1002 honesti

431 1042 622 1097 ordinis,
649 1040 914 1084 deformatos
943 1039 1061 1098 prius
1091 1039 1341 1096 stigmatum
1370 1038 1507 1094 notis,
1538 1037 1592 1081 ad
1619 1037 1792 1082 metalla

431 1131 474 1165 et
499 1121 763 1164 munitiones
790 1120 982 1172 viarum,
1008 1128 1082 1161 aut
1103 1117 1157 1161 ad
1182 1117 1340 1160 bestias
1363 1116 1693 1172 condemnavit,
1720 1127 1795 1161 aut

430 1201 667 1244 bestiarum
689 1214 809 1242 more
828 1196 1132 1258 quadrupedes
1153 1213 1281 1239 cavea
1300 1197 1514 1253 coercuit,
1536 1206 1612 1239 aut
1631 1196 1794 1240 medios

432 1296 549 1324 serra
578 1278 807 1333 dissecuit3
840 1293 919 1320 nec
952 1292 1100 1319 omnes
1132 1275 1336 1336 gravibus
1369 1292 1419 1318 ex
1453 1276 1614 1332 causis,
1643 1292 1792 1319 verum

436 1358 546 1403 male
574 1358 626 1402 de
653 1374 834 1401 munere
861 1373 939 1400 suo
965 1357 1185 1415 opinatos,
1220 1354 1285 1397 vel
1312 1354 1429 1415 quod
1462 1372 1688 1415 nunquam
1719 1372 1795 1416 per

433 1439 607 1498 genium
642 1453 768 1480 suum
803 1435 1077 1495 dejerassent.
1119 1436 1323 1477 Parentes
1360 1433 1571 1493 supplicio
1606 1433 1791 1477 filiorum

436 1519 640 1561 interesse
678 1515 874 1576 cogebat.
903 1516 1106 1571 Quorum
1138 1515 1213 1557 uni
1244 1512 1535 1556 valetudinem
1576 1515 1795 1557 excusanti

437 1596 633 1640 lecticam
658 1596 801 1649 misit,
829 1593 962 1637 alium
991 1610 1014 1636 a
1044 1592 1292 1653 spectaculo
1318 1610 1453 1653 poenae
1482 1592 1621 1653 epulis
1651 1594 1795 1636 statim

435 1675 650 1731 adhibuit,
665 1685 793 1734 atque
807 1675 926 1717 omni
943 1674 1144 1716 comitate
1159 1673 1209 1715 ad
1228 1672 1488 1716 hilaritatem
1504 1673 1677 1731 etjocos
1700 1689 1799 1732 pro-

436 1756 618 1799 vocavit.
642 1757 899 1799 Curatorem
927 1770 1156 1796 munerum
1180 1770 1230 1796 ae
1259 1753 1565 1807 venationum,
1594 1769 1669 1812 per
1694 1768 1798 1795 con-

437 1836 580 1877 tinuos
610 1834 699 1877 dies
732 1834 774 1876 in
809 1843 1041 1892 conspectu
1075 1849 1152 1875 suo
1179 1833 1342 1875 catenis
1374 1832 1677 1885 verberatum,
1711 1848 1798 1874 non

437 1915 556 1973 prius
586 1913 770 1968 occidit,
803 1929 934 1972 quam
969 1912 1160 1955 offensus
1194 1912 1423 1971 putrefacti
1455 1911 1620 1955 cerebri
1650 1909 1799 1953 odore.

438 1992 640 2036 Atellanae
673 2003 873 2053 poetam,
905 1992 960 2035 ob
995 1992 1185 2050 ambigui
1219 1991 1305 2049 joci
1341 1988 1631 2046 versiculum,
1663 1988 1802 2032 media

437 2072 745 2131 amphitheatri
773 2087 904 2114 arena
939 2071 1028 2130 igni
1063 2071 1281 2113 cremavit.
1314 2071 1517 2129 Equitem
1543 2086 1802 2125 romanum,

438 2151 654 2210 objectum
682 2150 781 2192 feris
799 2185 808 2200 ,
835 2166 970 2209 quum
998 2166 1041 2191 se
1073 2150 1348 2192 innocentem
1375 2148 1709 2209 proclamasset,
1739 2165 1804 2192 re-

439 2231 588 2285 ‹sluxit3
615 2230 867 2289 abscisaque
894 2229 1066 2289 lingua,
1095 2245 1243 2272 rursus
1270 2228 1453 2272 induxit.

502 2311 707 2353 XXVIII.
737 2312 1004 2352 Revocatuin
1023 2308 1254 2368 quemdam
1279 2326 1301 2352 a
1326 2318 1470 2352 vetere
1491 2308 1641 2352 exsilio
1664 2308 1805 2352 scisci-

441 2398 578 2445 tatus,
612 2389 818 2449 quidnam
850 2390 907 2433 ibi
944 2389 1084 2433 facere
1121 2399 1395 2445 consuesset,
1432 2388 1720 2450 respondente
1753 2403 1804 2430 eo

441 2485 516 2528 per
542 2467 855 2526 adulationem,
879 2489 898 2510 «
918 2472 1032 2513 Deos
1053 2485 1221 2528 semper
1240 2470 1383 2524 oravi,
1405 2480 1474 2523 ut,
1495 2468 1611 2528 quod
1636 2468 1803 2522 evenit,

442 2551 601 2608 periret
625 2550 852 2607 Tiberius,
881 2560 921 2593 et
951 2560 994 2592 tu
1023 2550 1280 2609 imfwrares3
1306 2569 1326 2590 J)
1354 2552 1564 2610 opinans,
1591 2549 1670 2591 sibi
1696 2564 1806 2607 quo-

441 2645 524 2686 que
548 2628 715 2672 exsules
743 2646 840 2673 suos
869 2640 1052 2672 mortem
1080 2630 1330 2689 imprecari,
1356 2630 1471 2672 misit
1495 2630 1658 2671 circum
1683 2628 1802 2671 insu-
