1988 3439
739 275 981 309 TIBERIUS.
1472 294 1483 316 1
1494 281 1535 317 61

166 361 329 404 recenti
365 361 605 404 atrocitate.
636 359 749 402 Nam
788 376 924 419 quum
953 361 1330 405 senatusconsulto
1366 378 1540 410 cautum

165 451 300 499 esset,
327 452 374 486 ut
412 458 541 503 poena
569 440 877 484 damnatorum
903 440 947 483 in
984 439 1204 485 decimum
1232 459 1404 505 semper
1431 448 1541 492 diem

166 522 432 576 differretur,
453 521 564 565 forte
579 519 758 577 accidit,
783 530 831 564 ut
849 521 1142 581 quorumdam
1168 523 1369 584 supplicii
1397 527 1486 572 dies
1511 531 1544 573 is

166 614 301 660 esset,
325 620 412 664 quo
440 602 696 645 nunciatum
723 600 776 644 de
802 601 980 645 Tiberio
1007 611 1112 646 erat.
1143 605 1233 647 Hos
1263 605 1545 667 implorantes

167 684 396 729 bominum
421 682 572 740 fidem,
594 684 696 744 quia
710 717 721 738 ,
745 683 924 727 absente
942 682 1085 728 adhue
1109 685 1216 730 Caio
1231 721 1242 743 ,
1263 704 1392 732 nemo
1408 699 1545 735 exsta—

165 764 262 822 bat,
288 765 363 826 qui
388 763 498 809 adiri
527 762 884 826 interpellarique
912 774 1077 825 posset,
1107 767 1335 825 custodes,
1362 786 1415 813 ne
1440 771 1543 831 quid

165 846 372 890 adversus
398 846 686 890 constitutum
711 844 900 888 facerent
915 880 926 902 ,
946 846 1336 908 strangulaverunt.
1351 884 1362 906 ,
1382 851 1546 911 abjece-

165 935 355 986 runtque
376 925 419 969 in
440 926 692 972 Gemonias.
718 926 865 970 Crevit
891 926 1027 987 igitur
1052 927 1238 985 invidia,
1263 931 1386 991 quasi
1411 932 1542 975 etiam

165 1016 263 1067 post
281 1016 468 1050 mortem
488 1007 661 1068 tyranni
686 1007 849 1051 saevitia
869 1018 1166 1068 permanente.
1187 1012 1359 1071 Corpus
1378 1021 1424 1054 ut
1454 1029 1546 1055 mo-

165 1087 256 1130 veri
280 1103 304 1130 a
327 1088 500 1131 Miseno
524 1088 673 1149 coepit,
703 1087 1082 1133 conclamantibus
1108 1088 1356 1153 plerisque,
1390 1112 1409 1133 «
1426 1093 1545 1137 Atel-

166 1166 250 1211 lam
284 1170 428 1229 potius
457 1168 763 1224 deferendum,
790 1179 833 1212 et
863 1170 906 1213 in
935 1171 1273 1231 Amphitheatro
1309 1174 1546 1217 semiustu-

167 1247 403 1303 landum,»
428 1252 616 1293 Romam
642 1267 720 1310 per
748 1248 908 1293 milites
941 1249 1222 1311 deportatum
1250 1263 1339 1310 est,
1377 1271 1544 1298 crema—

168 1339 348 1390 tumque
374 1330 551 1391 publico
580 1331 744 1374 sunere.

230 1412 433 1454 LXXVI.
467 1413 798 1455 Testamentum
821 1411 980 1473 duplex
995 1423 1095 1457 ante
1116 1414 1344 1458 biennium
1362 1415 1519 1459 fecerat
1538 1434 1546 1460 :

166 1489 353 1535 alterum
373 1507 474 1547 sua,
496 1490 683 1553 alterum
707 1491 851 1536 liberti
868 1510 1022 1550 manu,
1046 1493 1120 1537 sed
1144 1494 1295 1539 eodem
1322 1495 1547 1556 exemplo;

165 1572 558 1634 obsignaveratque
583 1573 713 1618 etiam
746 1572 1099 1617 humillimorum
1131 1576 1278 1636 signis.
1316 1579 1380 1620 Eo
1419 1586 1549 1620 testa-

167 1663 317 1698 mento
340 1653 521 1698 heredes
545 1655 680 1714 aequis
707 1654 905 1715 partibus
931 1653 1132 1715 reliquit,
1160 1656 1317 1699 Caium
1349 1673 1397 1699 ex
1435 1660 1547 1702 Ger-

167 1734 361 1791 manico,
389 1744 433 1778 et
460 1735 685 1778 Tiberium
713 1752 765 1778 ex
798 1738 967 1792 Druso,
996 1745 1196 1796 nepotes;
1232 1737 1549 1797 substituitque

168 1814 366 1858 invicem.
392 1814 527 1858 Dedit
542 1825 583 1859 et
602 1814 745 1875 legata
766 1815 985 1877 plerisque
1005 1833 1013 1859 :
1035 1817 1150 1860 inter
1172 1833 1281 1877 quos
1303 1817 1550 1878 virginibus

166 1893 437 1952 Vestalibus,
455 1893 528 1939 sed
553 1906 595 1939 et
621 1894 835 1939 militibus
859 1897 1096 1953 universis,
1123 1896 1328 1957 plebique
1356 1914 1549 1940 romanae

167 1974 356 2032 viritim,
381 1984 512 2037 alque
535 1977 665 2020 etiam
692 1978 927 2038 separatim
953 1977 1150 2020 virorum
1178 1978 1410 2039 magistris
