1971 3342
399 256 448 289 70
939 242 979 277 c.
1010 241 1243 277 sUETomI

396 343 506 371 num
528 325 821 380 laticlavium,
852 334 894 370 et
923 323 1228 370 centurionem
1259 341 1266 366 1
1297 323 1372 384 qui
1403 339 1473 374 se,
1503 338 1591 383 quo
1614 320 1783 368 facilius

397 415 592 468 expertes
616 405 756 467 culpae
785 404 1092 461 ostenderent,
1121 403 1365 465 impudicos
1393 402 1714 464 probaverant;
1740 413 1783 447 et

397 488 455 532 ob
488 486 533 531 id
571 503 712 547 neque
748 486 867 547 apud
903 485 1082 542 ducem,
1110 501 1254 545 neque
1286 483 1402 545 apud
1436 481 1622 538 milites,
1651 481 1782 527 ullius

397 567 611 612 momenti
636 583 728 611 esse
755 567 961 628 potuisse.

461 650 540 693 XI.
566 651 672 693 Erat
692 657 837 691 autem
859 663 949 691 non
979 645 1120 690 solum
1148 662 1336 707 magnae,
1363 644 1437 689 sed
1460 645 1590 689 etiam
1616 642 1782 688 callidae

398 730 725 791 inopinataeque
744 728 931 772 saevitiae.
956 729 1162 776 Actorem
1181 742 1473 781 summarum,
1492 724 1632 786 pridie
1651 740 1782 785 quam

398 810 519 854 cruci
538 809 710 871 figeret,
725 810 769 852 in
792 807 1045 852 cubiculum
1063 807 1257 863 vocavit,
1276 805 1467 851 assidere
1488 806 1531 849 in
1550 804 1785 865 torojuxta

400 891 562 952 coegit,
593 906 797 934 securum
823 888 1096 949 hilaremque
1118 887 1311 944 dimisit,
1347 887 1544 948 partibus
1572 887 1701 930 etiam
1733 885 1786 930 de

404 987 527 1015 coena
553 970 759 1032 dignatus
791 979 870 1014 est.
899 970 1152 1015 Arretinum
1182 966 1453 1013 Clementem
1487 965 1782 1023 consularem,

400 1068 539 1095 unum
558 1067 580 1094 e
596 1049 884 1094 familiaribus
905 1059 948 1093 et
969 1049 1203 1093 emissariis
1220 1049 1329 1102 suis,
1352 1048 1506 1108 capitis
1526 1047 1788 1091 condemna·

405 1142 555 1187 turus,
574 1132 620 1175 in
639 1131 808 1187 eadem,
829 1129 897 1174 vel
913 1131 1043 1174 etiam
1062 1131 1107 1174 in
1125 1130 1289 1189 majore
1307 1129 1447 1190 gratia
1458 1128 1625 1185 habuit,
1642 1128 1785 1188 quoad

404 1212 639 1256 novissime
654 1210 782 1255 simul
802 1211 1011 1273 gestanti,
1025 1219 1264 1271 conspecto
1282 1208 1477 1252 delatore
1493 1209 1607 1269 ejus,
1625 1209 1750 1265 «Vis,
1767 1228 1788 1250 ³>

404 1293 570 1354 inquit,
592 1312 612 1335 «
630 1293 752 1337 hunc
769 1292 1086 1353 nequissimum
1114 1307 1286 1334 servum
1311 1306 1406 1334 cras
1431 1289 1672 1335 audiamus.
1691 1310 1713 1332 »
1734 1292 1790 1335 Et

404 1390 495 1434 quo
531 1374 796 1418 contemtius
837 1372 1096 1416 abuteretur
1131 1371 1339 1432 patientia
1378 1371 1634 1425 hominum,
1672 1387 1788 1415 nun-

404 1472 536 1516 quam
569 1455 809 1500 tristiorem
845 1454 1104 1498 sententiam
1144 1453 1237 1496 sine
1269 1451 1521 1512 praefatione
1549 1451 1790 1495 clementiae

402 1537 709 1598 pronuntiavit
744 1553 753 1579 ε
787 1545 837 1579 ut
874 1551 963 1578 non
992 1533 1112 1577 aliud
1140 1534 1224 1593 jam
1262 1533 1423 1576 certius
1459 1533 1617 1576 atrocis
1650 1533 1788 1576 exitus

407 1618 583 1679 signum
608 1625 739 1672 esset,
759 1631 892 1676 quam
914 1614 1125 1677 principis
1150 1612 1317 1658 lenitas.
1343 1611 1571 1670 Quosdam
1591 1613 1790 1673 majesta-

403 1698 458 1742 tis
499 1713 597 1742 reos
636 1698 680 1740 in
720 1697 901 1741 Curiam
940 1694 1170 1739 induxerat
1206 1711 1215 1737 :
1251 1704 1293 1737 et
1327 1710 1461 1754 quum
1501 1693 1790 1753 praedixisset,

404 1787 730 1839 «experturum
754 1793 798 1821 se
822 1775 896 1819 illa
920 1775 1014 1831 die,
1038 1791 1168 1835 quam
1196 1790 1323 1818 carus
1351 1773 1520 1817 senatui
1540 1782 1665 1830 esset,
1684 1792 1706 1814 ³>
1729 1773 1789 1817 fa·

404 1856 485 1902 cile
509 1857 774 1919 perfecerat,
802 1866 851 1900 ut
882 1857 1012 1900 etiam
1049 1871 1173 1898 more
1204 1854 1421 1914 majorum
1448 1852 1659 1914 puniendi
1683 1869 1789 1897 con-

403 1939 752 1982 demnarentur:
783 1936 966 1993 deinde,
996 1936 1227 1980 atrocitate
1265 1951 1388 1996 paene
1418 1934 1708 1990 conterritus,
1734 1933 1790 1977 ad

403 2019 649 2065 leniendam
674 2018 884 2063 invidiam
910 2017 1180 2072 intercessit,
1206 2017 1283 2060 his·
1303 2015 1446 2060 verbis
1470 2015 1641 2076 (neque
1672 2015 1788 2058 enim

403 2101 456 2144 ab
492 2117 540 2144 re
565 2099 698 2143 fuerit
724 2099 816 2160 ipsa
843 2096 1162 2159 cognoscere):
1189 2096 1487 2150 «Permittite,
1515 2104 1661 2155 patres
1685 2111 1790 2137 con-

404 2181 578 2241 scripti,
601 2196 625 2223 a
645 2180 806 2239 pietate
831 2188 972 2222 vestra
995 2177 1245 2239 impetrari,
1267 2174 1385 2237 quod
1408 2176 1498 2219 scio
1520 2191 1587 2219 me
1606 2174 1791 2218 difficul-

406 2272 473 2304 ter
487 2261 826 2321 impetraturum
842 2293 853 2313 ,
880 2268 928 2302 ut
947 2258 1164 2302 damnatis
1179 2257 1364 2301 liberum
1387 2256 1540 2299 mortis
1556 2255 1785 2299 arbitrium

407 2341 682 2404 indulgeatis.
701 2342 811 2385 Nam
836 2350 878 2385 et
895 2341 1080 2402 parcetis
1102 2338 1242 2384 oculis
1266 2338 1447 2392 vestris,
1474 2347 1517 2380 et
1543 2334 1786 2397 intelligent

406 2439 474 2466 me
498 2439 650 2466 omnes
672 2422 842 2466 senatui
871 2420 1132 2464 interfuisse.
1156 2440 1177 2461 »

469 2504 570 2547 XII.
602 2503 852 2547 Exhaustus
879 2518 1064 2563 operum
1103 2518 1151 2545 ac
1189 2515 1418 2543 munerum
1457 2497 1680 2558 impensis,
1709 2495 1785 2538 sti-

409 2583 680 2644 pendioque,
709 2582 827 2644 quod
847 2582 1093 2644 adjecerat,
1137 2580 1323 2624 tentavit
1350 2578 1553 2640 quidem,
1590 2575 1642 2620 ad
1680 2574 1789 2619 rele-

412 2663 573 2706 vandos
618 2674 856 2708 castrenses
901 2673 1097 2717 sumtus,
1140 2660 1326 2705 militum
1373 2673 1602 2702 numerum
1648 2654 1787 2700 demi-
