1988 3407
479 270 546 306 DE
571 267 894 305 ILLUSTRIBUS
925 267 1299 303 GRAMMATICIS.
1555 265 1600 300 83

215 354 542 417 philosophiam
595 355 739 415 primo
757 387 769 408 ,
815 350 972 395 deinde
1018 351 1285 395 rhetoricam
1305 386 1316 405 ,
1367 355 1601 395 novissime

215 436 545 498 grammaticam
575 434 737 478 docuit.
774 432 966 477 Dimissa
998 441 1147 475 autem
1183 429 1354 486 schola,
1382 430 1599 475 Rutilium

214 508 382 561 Rufum
417 515 673 560 damnatum
710 514 754 556 in
794 513 938 557 Asiam
979 521 1180 568 secutus,
1213 510 1372 554 ibidem
1406 513 1601 572 Smyrnae

216 596 436 658 simulque
456 595 707 649 consenui13
729 594 1067 655 composuitque
1091 592 1222 636 variae
1246 590 1505 635 eruditionis
1527 591 1604 635 ali·

216 689 324 740 quot
350 677 602 734 volumina,
629 693 681 721 ex
708 675 869 737 quibus
898 692 1052 719 novem
1084 675 1215 718 unius
1239 673 1438 735 corporis
1464 690 1473 716 :
1502 673 1605 734 qui,

213 761 317 822 quia
352 761 586 820 scriptores
621 774 671 803 ac
701 767 852 819 poetas
893 757 974 802 sub
1008 754 1209 801 clientela
1238 756 1468 799 Musarum
1488 753 1606 815 judi-

214 851 361 896 caret,
389 857 477 885 non
506 838 697 884 absurde
723 849 766 883 et
793 838 1015 900 scripsisse
1038 847 1080 881 et
1107 836 1258 880 fecisse
1286 852 1331 880 se
1358 836 1418 879 ait
1445 852 1497 879 ex
1524 852 1604 879 nu-

215 938 338 966 mero
365 920 567 966 divarum
595 930 638 965 et
670 919 979 982 appellatione.
1006 919 1150 980 Hujus
1177 933 1423 979 cognomen
1451 918 1495 961 in
1518 916 1605 978 ple-

214 1004 362 1064 risque
391 1002 608 1047 indicibus
644 1011 686 1046 et
726 1000 864 1046 titulis
890 1017 970 1062 per
997 1017 1129 1044 unam
1163 997 1353 1043 litteram
1390 999 1603 1059 scriptum

217 1082 524 1128 animadverto
555 1101 564 1127 :
591 1099 745 1128 verum
774 1083 864 1144 ipse
892 1081 934 1126 id
958 1098 1036 1143 per
1062 1081 1169 1125 duas
1194 1080 1321 1124 effert
1346 1080 1390 1124 in
1417 1080 1604 1141 parasti-

213 1164 342 1208 chide
366 1163 524 1220 libelli,
548 1165 623 1225 qui
651 1164 909 1208 inscribitur
935 1165 1108 1208 Pinax.

279 1247 378 1291 VII.
401 1246 465 1290 M.
489 1246 708 1289 Antonius
730 1244 932 1305 Gnipho,
958 1244 1195 1305 ingenuus,
1218 1246 1261 1287 in
1283 1243 1425 1288 Gallia
1453 1254 1604 1301 natuS‚

212 1325 286 1371 sed
314 1327 564 1387 expositus;
592 1342 616 1370 a
652 1326 870 1369 nutritore
900 1341 978 1369 suo
1005 1325 1318 1381 manumissus,
1350 1325 1601 1370 institutus-

212 1424 297 1468 que
331 1405 604 1452 Alexandriae
634 1405 839 1467 quidem,
874 1416 921 1449 ut
953 1404 1089 1466 aliqui
1125 1405 1330 1461 tradunt,
1368 1406 1411 1449 in
1444 1416 1600 1449 contu·

210 1488 365 1532 bernio
389 1488 588 1549 Dionysii
617 1487 1005 1549 Scytobrachionis
1029 1486 1172 1548 (quod
1199 1486 1401 1548 equidem
1430 1503 1517 1531 non
1544 1495 1603 1530 te-

211 1585 328 1614 mere
355 1568 639 1625 crediderim,
666 1585 803 1630 quum
830 1578 1079 1630 temporum
1105 1568 1216 1612 ratio
1241 1569 1313 1611 vix
1339 1568 1600 1629 congruat),

211 1650 343 1695 fuisse
379 1650 542 1695 dicitur
577 1650 739 1711 ingenii
775 1650 946 1710 magni,
979 1650 1202 1694 memoriae
1229 1648 1487 1710 singularis,
1522 1665 1603 1693 nec

211 1733 356 1776 minus
384 1748 547 1793 graece,
577 1747 707 1792 quam
739 1730 872 1775 latine
901 1730 1056 1775 doctus
1081 1748 1090 1774 ε
1116 1740 1325 1792 praeterea
1354 1731 1467 1774 comi
1497 1730 1600 1774 faci-

211 1811 330 1873 lique
356 1821 535 1868 natura,
561 1828 638 1855 nec
663 1828 858 1872 unquam
880 1811 933 1855 de
958 1811 1235 1856 mercedibus
1257 1821 1431 1872 pactus,
1460 1828 1600 1871 eoque

213 1891 338 1954 plura
367 1909 419 1937 ex
442 1891 703 1936 liberalitate
726 1891 990 1936 discentium
1019 1901 1298 1936 consecutus.
1322 1893 1485 1936 Docuit
1515 1893 1603 1953 pri-

214 1990 335 2017 mum
371 1975 415 2017 in
448 1973 535 2016 divi
568 1971 671 2017 Julii
708 1973 862 2029 domo,
895 1973 1017 2034 pueri
1048 1972 1191 2016 adhuc
1222 1990 1230 2016 ε
1263 1972 1419 2016 deinde
1451 1973 1494 2015 in
1524 1989 1601 2016 sua

213 2055 395 2117 privata.
434 2055 595 2099 Docuit
637 2064 783 2098 autem
826 2064 868 2098 et
903 2054 1194 2111 rhetoricam,
1234 2054 1290 2097 ita
1322 2063 1370 2097 ut
1404 2053 1601 2114 quotidie

214 2145 430 2222 praecepta
459 2134 720 2196 eloquentiae
743 2135 961 2191 traderet,
987 2133 1250 2178 declamaret
1276 2151 1378 2179 vero
1406 2152 1494 2178 non
1522 2135 1604 2178 nisi

213 2215 436 2260 nundinis.
459 2215 662 2261 Scholam
692 2218 783 2277 ejus
805 2215 944 2260 claros
966 2233 1142 2277 quoque
1164 2217 1279 2260 viros
1302 2216 1602 2276 frequentasse

213 2298 338 2341 aiunt
360 2314 368 2340 :
399 2297 441 2340 in
470 2297 535 2340 his
562 2298 762 2341 Marcum
789 2298 1068 2353 Ciceronem,
1092 2298 1223 2341 etiam
1249 2314 1386 2358 quum
1412 2307 1604 2358 praetura

214 2378 482 2439 fungeretur.
519 2379 702 2439 Scripsit
732 2377 896 2434 multa,
925 2379 1125 2439 quamvis
1151 2395 1315 2422 annum
1343 2380 1480 2422 aetatis
1512 2395 1602 2421 non

212 2459 438 2503 excesserit
465 2476 472 2501 :
499 2460 577 2502 etsi
602 2460 770 2503 Atteius
794 2457 1049 2520 Philologus
1074 2458 1162 2502 duo
1183 2468 1353 2502 tantum
1377 2458 1602 2502 volumina

212 2539 268 2584 de
305 2532 700 2584 Latino‘sermone
733 2539 959 2602 reliquisse
988 2557 1085 2584 eum
1123 2539 1255 2583 tradit
1287 2557 1294 2582 :
1327 2556 1426 2582 nam
1461 2549 1602 2582 cetera

214 2622 374 2682 scripta
411 2620 729 2682 discipulorum
762 2623 855 2682 ejus
891 2639 1007 2678 esse,
1043 2638 1129 2665 non
1162 2622 1296 2682 ipsius
1330 2638 1337 2663 τ
1367 2621 1408 2664 in
1442 2620 1603 2680 quibus

215 2713 258 2747 et
282 2720 406 2747 suum
436 2702 595 2747 alicubi
626 2705 806 2764 rcpcriii
838 2722 1010 2748 nomen.
