1988 3439
650 248 686 281 C.
713 246 882 281 JULIL‘S
904 248 1088 283 CAESAR.
1511 263 1524 285 ι
1537 263 1554 294 7

177 333 269 375 sine
287 331 593 392 jurejurando,
615 330 897 374 denuntiaret
922 329 1170 374 delaturum
1194 349 1238 375 se
1263 349 1421 378 nomen
1442 336 1554 395 ejus,

176 409 305 455 simul
327 427 376 455 ac
401 412 592 471 primum
618 410 858 453 exercitum
884 409 1141 466 dimisisset,
1172 428 1395 473 quumque
1422 414 1555 476 vulgo

175 490 268 534 fore
292 490 575 552 praedicarent
590 523 602 546 ,
623 499 669 532 ut
695 490 730 532 si
757 490 952 549 privatus
976 489 1180 545 redisset,
1204 491 1382 535 Milonis
1406 511 1551 538 exem-

174 570 246 631 plo
272 570 591 630 circumpositis
620 570 799 612 armatis
829 586 1001 612 causam
1029 569 1145 630 apud
1173 570 1342 629 judices
1373 572 1547 618 diceret.

172 650 305 706 Quod
338 648 604 710 probabilius
637 648 740 692 facit
771 650 948 693 Asinius
979 648 1143 705 Pollio,
1174 651 1425 696 Pharsalica
1461 655 1550 698 acie

170 747 298 774 caesos
318 729 655 791 profligatosque
673 728 941 772 adversarios
958 730 1318 789 prospicientem,
1339 732 1430 776 haec
1447 749 1547 777 eum

169 810 225 854 ad
246 810 427 854 verbum
448 809 605 853 dixisse
630 808 820 853 referens
839 826 848 851 :
869 811 968 853 Hoc
991 809 1220 854 voluerunt
1239 828 1251 853 :
1271 813 1406 855 tantis
1426 812 1552 858 rebus

163 891 300 952 gestis
330 891 376 935 C.
410 891 566 935 Coesar
598 889 918 934 condemnatus
950 905 1114 943 essem,
1149 892 1238 934 nisa·
1268 891 1326 935 ab
1356 894 1550 937 exercitu

167 970 387 1015 auxilium
426 973 667 1033 petillssem.
714 968 909 1026 Quidam
956 979 1114 1028 putant
1158 981 1334 1031 captum
1378 973 1549 1033 imperii

166 1051 504 1105 consuetudine,
530 1050 843 1111 pensitatisque
869 1049 956 1093 suis
984 1060 1026 1094 et
1053 1051 1330 1095 inimicorum
1359 1052 1546 1108 viribus,

165 1148 292 1175 usum
335 1131 564 1175 occasione
605 1129 824 1191 rapiendae
868 1130 1204 1186 dominationis,
1251 1148 1380 1191 quam
1424 1142 1548 1176 aetate

165 1212 307 1272 prima
336 1211 623 1271 concupisset.
661 1209 794 1266 Quod
836 1211 1102 1253 existimasse
1142 1211 1374 1254 videbatur
1404 1221 1447 1255 et
1477 1213 1548 1257 Ci-

162 1308 286 1347 cero,
316 1291 510 1335 scribens
534 1290 589 1334 de
616 1290 788 1348 Offi'vl'l's
814 1290 942 1333 tertio
968 1289 1081 1333 libro
1098 1325 1109 1346 ,
1135 1307 1306 1351 semper
1332 1293 1542 1336 Caesarem

161 1372 207 1414 in
245 1387 319 1415 ore
359 1370 559 1414 habuisse
592 1368 814 1428 Euripidis
853 1383 1031 1423 VersuS,
1065 1386 1173 1428 quos
1214 1372 1274 1413 sic
1308 1372 1399 1431 ipse
1440 1388 1545 1416 con-

162 1451 291 1495 vertit
318 1468 327 1494 :

286 1580 380 1616 Nam
401 1579 432 1615 si
451 1578 671 1614 violandum
695 1586 749 1614 est
764 1579 844 1625 jus,
864 1578 1049 1626 regnandi
1073 1577 1190 1625 gratia

282 1641 514 1678 violandum
533 1648 586 1676 est
605 1654 612 1676 :
634 1640 714 1677 aliis
734 1640 844 1676 rebus
864 1640 1042 1688 pietatem
1067 1641 1178 1676 colas.

218 1768 383 1811 XXXI.
420 1767 571 1824 Quum
598 1783 702 1828 ergo
728 1764 942 1809 sublatam
965 1766 1245 1809 tribunorum
1266 1765 1539 1810 intercessio-

155 1863 283 1903 nem,
315 1847 516 1908 ipsosque
551 1847 658 1890 urbe
691 1846 868 1889 cessisse
899 1846 1150 1889 nuntiatum
1182 1856 1274 1901 est,
1306 1847 1536 1907 praemissis

153 1926 380 1970 confestim
406 1925 515 1970 clam
543 1926 824 1979 cohortibus,
852 1942 905 1969 ne
933 1942 1018 1985 qua
1046 1926 1235 1985 suspicio
1261 1936 1534 1972 moveretur.

152 2017 193 2051 et
223 2006 472 2069 spectaculo
502 2005 679 2067 publico
710 2023 785 2067 per
815 2005 1209 2049 dissimulationem
1244 2005 1462 2061 interfuit,
1494 2015 1534 2048 et

150 2086 335 2131 formam
351 2121 363 2143 ,
407 2103 492 2147 qua
532 2086 684 2130 ludum
727 2085 1036 2147 gladiatorium
1079 2094 1172 2127 erat
1211 2084 1503 2127 aedificaturus
1521 2120 1531 2137 ,

150 2167 466 2222 consideravit,
500 2176 543 2209 et
572 2184 623 2210 ex
654 2166 974 2209 consuetudine
1005 2165 1205 2208 convivio
1238 2181 1282 2207 se
1313 2164 1530 2223 frequenti

149 2244 282 2288 dedit.
303 2247 415 2288 Dein
437 2256 533 2305 post
556 2246 656 2289 solis
677 2263 899 2300 occasum,
923 2244 1051 2288 mulis
1075 2262 1097 2287 e
1121 2244 1322 2304 proximo
1346 2244 1530 2303 pistrino

147 2325 202 2368 ad
226 2324 474 2369 vehiculum
498 2326 688 2384 junctis,
718 2326 1060 2368 occultissimum
1089 2326 1170 2367 iter
1201 2324 1373 2367 modico
1398 2325 1529 2366 comi—

147 2414 238 2448 tatu
256 2406 471 2466 ingressus
490 2415 551 2447 est
571 2422 579 2447 :
602 2414 642 2446 et
667 2421 800 2463 quum
824 2403 1061 2446 luminibus
1083 2405 1306 2447 exstinctis
1325 2403 1528 2446 decessis-

146 2495 210 2528 set
232 2486 320 2541 via,
344 2484 418 2528 diu
443 2485 736 2539 errabundus,
757 2483 931 2527 tandem
958 2482 1009 2525 ad
1038 2482 1175 2525 lucem
1201 2483 1308 2525 duce
1332 2491 1523 2542 reperto.

144 2581 221 2626 per
237 2565 566 2626 angustissimos
585 2566 778 2607 tramites
800 2564 982 2624 pedibus
1001 2565 1155 2617 evasit;
1176 2572 1522 2619 consecutusque

142 2646 343 2688 cohortes
367 2645 421 2688 ad
448 2645 715 2688 Rubiconem
743 2644 928 2697 flumen,
952 2645 1024 2702 qui
1053 2642 1285 2702 provinciae
1309 2642 1401 2699 ejus
1427 2641 1521 2682 {inis

333 2741 359 2767 1.
1277 2740 1298 2762 ·)
