1971 3342
433 249 505 273 200
831 239 868 273 C.
896 239 1127 274 SUETONII
1149 240 1407 275 CALIGULA.

494 322 588 364 LX.
620 319 925 364 conditionem
951 331 1195 382 temporum
1228 320 1402 365 illorum
1430 321 1559 365 etiam
1587 339 1663 383 per
1695 324 1785 368 haec

431 399 676 443 existimare
703 401 844 460 quivis
872 400 1021 460 possit.
1048 402 1161 444 Nam
1187 417 1328 461 neque
1355 400 1470 445 caede
1498 400 1675 463 vulgata
1699 413 1786 447 sta-

431 479 509 521 tim
533 478 743 522 creditum
762 488 827 522 est
845 495 854 521 :
876 477 1046 538 fuitque
1073 481 1282 540 suspicio,
1304 481 1357 524 ab
1381 481 1475 541 ipso
1497 481 1605 525 Caio
1628 481 1786 526 famam

429 556 555 601 caedis
574 557 819 601 simulatam
843 566 886 600 et
906 557 1124 613 emissam,
1144 568 1192 601 ut
1211 575 1262 602 eo
1286 569 1413 619 pacto
1432 559 1662 604 hominum
1684 577 1787 622 erga

430 653 474 680 se
498 646 662 681 mentes
689 635 1052 696 deprehenderet3
1076 653 1216 697 neque
1239 640 1455 699 conjurati
1482 641 1684 700 cuiquam
1705 641 1784 684 im-

428 717 596 777 perium
623 715 963 758 destinaverunt.
990 717 1046 759 Et
1067 725 1238 759 senatus
1264 718 1308 760 in
1335 718 1561 762 asserenda
1587 717 1788 764 libertate

429 795 537 839 adeo
560 795 798 849 consensit,
820 804 869 838 ut
894 793 1091 838 consules
1113 797 1256 856 primo
1283 814 1371 840 non
1402 798 1446 840 in
1478 799 1666 855 curiam,
1686 800 1788 859 quia

427 873 541 918 Julia
563 873 818 930 vocabatur,
838 874 912 917 sed
932 875 977 917 in
998 874 1266 935 Capitolium
1290 878 1591 933 convocarint3
1612 878 1788 938 quidam

427 970 557 1010 vero,
587 953 809 996 sententiae
834 952 951 1010 loco,
977 953 1230 998 abolendam
1258 957 1479 999 Caesarum
1508 959 1761 1001 memoriam
1777 993 1788 1014 ⁷

428 1049 478 1076 ac
520 1031 730 1075 diruenda
775 1031 936 1092 templa
957 1067 968 1089 ,
1015 1035 1275 1078 censuerint.
1314 1035 1602 1080 Observatum
1638 1046 1783 1080 autem

429 1121 712 1170 notatumque
743 1121 807 1154 est
836 1112 1061 1171 inprimis,
1085 1115 1274 1157 Caesares
1306 1130 1479 1171 omneS,
1505 1115 1663 1174 quibus
1692 1116 1788 1159 Caii

429 1206 678 1251 praenomen
713 1189 868 1246 fuerit,
902 1190 1016 1234 ferro
1049 1192 1238 1251 perisse,
1269 1192 1360 1253 jam
1398 1192 1497 1237 inde
1528 1193 1583 1237 ab
1609 1210 1686 1251 eo,
1714 1197 1790 1255 qui

430 1269 638 1313 Cinnanis
664 1269 931 1330 temporibus
956 1270 1010 1313 sit
1035 1271 1214 1315 occisus.
