1971 3342
457 283 468 303 ι
479 272 523 314 74
986 268 1024 302 o.
1056 266 1286 302 SUETONII

453 361 633 413 pontum
660 350 1023 405 contabulaverit3
1045 350 1173 407 alios,
1200 361 1249 394 nt
1274 351 1554 394 Germaniam
1579 361 1620 395 et
1638 353 1808 396 Britan-

453 434 590 488 niam,
617 432 773 492 quibus
796 430 1070 487 imminebat,
1096 429 1276 492 alicujus
1302 431 1499 474 immensi
1525 432 1668 492 operis
1692 431 1806 476 fama

453 513 682 555 territaret.
713 510 797 555 Sed
823 525 953 554 avum
980 526 1125 553 meum
1148 520 1396 554 narrantem
1422 527 1532 570 puer
1555 510 1807 568 audiebam,

451 608 622 636 causam
655 591 796 652 operis
832 591 885 633 ab
914 589 1192 633 interioribus
1230 589 1378 634 aulicis
1419 589 1662 650 proditam,
1692 590 1809 651 quod

450 670 698 732 Thrasyllus
726 669 1056 713 mathematicus
1072 704 1083 725 ,
1112 670 1240 713 anxio
1265 669 1317 713 de
1341 686 1586 714 successore
1610 670 1784 715 Tiberio
1800 707 1810 727 ,

453 762 495 795 et
518 753 561 794 in
582 766 733 794 verum
756 758 957 810 nepotem
981 749 1202 809 proniori,
1229 749 1503 805 affirmasset,
1522 750 1656 794 «Non
1675 751 1812 812 magis

452 832 605 875 Caium
635 831 976 890 imperaturum,
1007 845 1136 889 quam
1167 846 1243 890 per
1273 830 1485 874 Baianum
1518 831 1659 874 sinum
1691 832 1813 891 equis

452 912 761 955 discursurum.
782 930 802 952 »

513 994 615 1036 XX.
642 991 789 1035 Edidit
809 1000 850 1034 et
871 1007 1048 1051 peregre
1068 989 1310 1051 spectacula
1330 1007 1339 1034 :
1359 990 1404 1033 in
1429 991 1570 1035 Sicilia
1592 993 1813 1052 Syracusis

454 1070 684 1115 iselasticos
713 1069 838 1114 ludos
856 1105 868 1125 ,
897 1080 940 1114 et
979 1071 1022 1113 in
1053 1069 1197 1115 Gallia
1236 1070 1443 1131 Lugduni
1472 1070 1714 1127 niiscellos3
1741 1072 1814 1115 sed

451 1160 493 1194 et
522 1161 739 1194 certamen
771 1167 946 1210 quoque
988 1167 1137 1211 graecae
1176 1150 1410 1210 latinaeque
1449 1150 1661 1194 facundiae
1691 1168 1699 1194 ε
1730 1168 1816 1210 quo

453 1228 723 1292 [certamine]
751 1229 894 1274 ferunt
924 1230 1160 1274 victoribus
1194 1231 1371 1290 praemia
1396 1231 1530 1274 victos
1558 1230 1817 1284 contulisse,

453 1311 688 1354 eorundem
713 1320 754 1354 et
777 1310 923 1354 laudes
948 1326 1211 1370 componere
1235 1320 1430 1367 coactos,
1455 1328 1526 1355 eos
1550 1321 1717 1363 autem,
1742 1311 1817 1370 qui

453 1391 637 1433 maxime
657 1388 1003 1450 displicuissent,
1030 1390 1188 1449 scripta
1215 1406 1290 1433 sua
1318 1391 1501 1451 spongia
1524 1389 1726 1452 linguave
1747 1390 1817 1433 de-

452 1469 538 1513 lere
556 1470 722 1530 jussos,
746 1470 827 1513 nisi
857 1468 1004 1513 ferulis
1030 1469 1279 1530 objurgari,
1308 1480 1385 1513 aut
1410 1470 1590 1514 flumine
1616 1471 1816 1531 proximo

454 1551 589 1611 mergi
617 1550 882 1593 maluissent.

516 1633 635 1674 XXI.
665 1634 810 1691 Opera
835 1631 915 1674 sub
942 1631 1115 1674 Tiberio
1138 1632 1431 1692 semiperfecta
1448 1667 1459 1688 ‚
1487 1631 1698 1693 templum
1723 1633 1817 1676 Au-

456 1711 569 1771 gusti
598 1711 908 1770 theatrumque
934 1711 1158 1770 Pompeii,
1187 1710 1385 1754 absolvit.
1410 1712 1638 1754 Inchoavit
1671 1721 1816 1754 autem

452 1807 574 1850 aquae
599 1790 779 1834 ductum
811 1791 988 1851 regione
1009 1790 1208 1845 Tiburti,
1229 1800 1270 1834 et
1297 1791 1664 1851 amphitheatrum
1689 1791 1816 1851 juxta

454 1871 585 1930 Septa
609 1887 617 1913 :
643 1887 831 1930 quorum
858 1887 1040 1930 operum
1069 1887 1092 1913 a
1118 1886 1364 1914 successore
1387 1871 1478 1930 ejus
1505 1869 1689 1914 Claudio
1715 1869 1819 1913 alte-

452 1966 549 1992 rum
576 1960 823 2010 peractum,
847 1951 1054 1994 omissum
1076 1949 1262 1994 alterum
1291 1959 1365 1992 est.
1389 1950 1611 2009 Syracusis
1631 1947 1819 2009 collapsa

450 2039 664 2073 vetustate
684 2030 862 2084 moenia,
879 2029 1148 2089 deorumque
1169 2028 1280 2071 aedes
1307 2028 1489 2072 refectae.
1510 2029 1819 2073 Destinaverat

450 2118 493 2152 ct
517 2109 633 2153 Sami
657 2109 898 2169 Polycratis
924 2110 1088 2169 regiam
1117 2110 1362 2165 restituere,
1388 2108 1528 2153 Mileti
1553 2107 1817 2170 Didymeum

450 2204 680 2249 peragere,
706 2189 750 2231 in
769 2189 875 2249 jugo
895 2186 1072 2248 Alpium
1098 2188 1250 2232 urbem
1273 2188 1458 2233 condere
1473 2223 1484 2245 ,
1507 2187 1581 2232 sed
1603 2198 1702 2232 ante
1726 2203 1819 2231 om-

450 2267 521 2310 nia
552 2269 760 2311 isthmum
794 2268 837 2311 in
875 2268 1037 2312 Achaia
1066 2267 1318 2329 perfodere3
1354 2269 1614 2328 miseratque
1640 2269 1729 2329 jam
1764 2266 1818 2310 ad

450 2346 761 2392 dimetiendum
792 2365 903 2408 opus
932 2347 1255 2408 primipilarem.

514 2429 659 2471 XXII.
694 2430 914 2472 Hactenus
949 2429 1071 2487 quasi
1110 2427 1163 2471 de
1207 2429 1403 2488 principe
1436 2445 1445 2471 :
1483 2427 1648 2488 reliqua
1685 2436 1732 2469 ut
1766 2425 1819 2469 de

452 2516 650 2550 monstro
679 2507 896 2551 narranda
922 2517 1036 2550 sunt.
1063 2506 1373 2567 Compluribus
1398 2507 1728 2569 cognominibus
1752 2523 1819 2549 as-

451 2587 604 2629 sumtis
633 2587 761 2647 (nam
794 2597 836 2642 ct
867 2603 994 2641 PIUS,
1024 2596 1066 2629 ct
1098 2603 1371 2631 CASTRORUM
1403 2603 1570 2642 FILIUS,
1601 2596 1641 2629 et
1674 2602 1819 2630 PATER

453 2680 744 2709 EXERclTUUM
763 2701 773 2721 ,
802 2676 843 2709 et
870 2681 1065 2709 OPT1MUS
1095 2682 1304 2711 MAXIMUS
1333 2670 1493 2711 CAESAR
1525 2665 1818 2726 vocabatur),
