1971 3342
350 252 396 287 32
885 250 923 285 C.
956 251 1188 286 SUETONH

349 335 579 380 cerdotum
608 334 855 396 frequentia
885 335 1060 379 inferias
1083 336 1251 381 Neroni
1280 334 1400 379 dedit
1427 352 1436 379 ε
1464 352 1513 379 ac
1534 334 1734 380 sollemni

350 417 555 461 convivio
576 414 866 460 citharoedum
884 414 1129 476 placentem
1153 414 1298 477 palam
1323 415 1575 473 admonuit,
1593 426 1642 461 ut
1661 415 1740 460 ali-

350 497 459 558 quid
485 507 528 541 et
570 497 624 541 de
653 497 890 542 Dominico
921 496 1103 554 diceret3
1142 497 1459 557 inchoantique
1480 497 1734 541 Neroniana

351 579 544 635 cantica,
571 578 738 640 primus
765 576 986 621 exsultans
1015 577 1145 621 etiam
1173 576 1349 638 plausit.

417 661 520 704 XII.
545 657 724 703 Talibus
747 658 973 719 principiis
990 692 1000 715 ,
1017 675 1221 720 magnam
1247 660 1419 720 imperii
1447 670 1619 720 partem
1647 679 1738 705 non

353 743 435 786 nisi
472 740 656 786 consilio
692 750 734 784 et
773 740 956 783 arbitrio
991 739 1185 784 vilissimi
1223 740 1437 801 cujusque
1470 741 1737 787 histrionum

352 833 393 868 et
422 824 675 884 aurigarum
706 820 1056 877 administravit,
1085 831 1128 865 et
1154 822 1342 864 maxime
1368 822 1548 866 Asiatici
1577 822 1739 868 liberti.

352 906 482 947 Hunc
519 901 920 956 adolescentulum,
963 910 1118 945 mutua
1158 900 1341 945 libidine
1380 908 1743 964 constupratum,

354 1000 454 1027 mox
477 983 606 1027 taedio
628 982 867 1043 profugum
882 1017 892 1037 ,
914 998 1052 1042 quum
1070 981 1265 1026 Puteolis
1286 999 1462 1043 poscam
1480 983 1742 1027 vendentem

355 1062 726 1124 reprehendisset,
756 1063 943 1122 conjecit
972 1063 1016 1105 in
1043 1062 1297 1122 compedes,
1328 1063 1564 1123 statimque
1586 1063 1743 1118 solvit,

354 1154 398 1188 et
423 1160 574 1187 rursus
601 1144 644 1186 in
672 1141 836 1186 deliciis
862 1142 1017 1185 habuit
1044 1160 1052 1185 :
1078 1143 1235 1186 iterum
1267 1142 1446 1196 deinde,
1476 1143 1532 1186 ob
1560 1144 1744 1188 nimiam

356 1225 680 1269 contumaciam
722 1234 765 1267 et
808 1223 1083 1267 ferocitatem
1122 1233 1349 1284 gravatus,
1395 1223 1744 1268 circumforaneo

357 1305 523 1350 lanistae
552 1304 778 1357 vendidit,
805 1303 1081 1365 dilatumque
1106 1303 1160 1347 ad
1195 1304 1325 1348 finem
1352 1305 1544 1348 muneris
1566 1314 1749 1366 repente

359 1387 599 1447 surripuit,
631 1396 674 1429 et
700 1385 929 1446 provincia
954 1384 1132 1428 demum
1164 1396 1344 1445 accepta
1384 1386 1638 1429 manumisit
1663 1402 1673 1428 :
1697 1402 1747 1429 ac

359 1468 500 1528 primo
526 1467 698 1528 imperii
724 1466 794 1510 die
821 1467 963 1510 aureis
993 1465 1175 1509 donavit
1200 1465 1375 1509 annulis
1395 1482 1526 1526 super
1547 1482 1716 1510 coenam
1734 1501 1746 1522 ,

359 1564 495 1607 quum
522 1563 651 1590 mane
671 1582 682 1602 ,
712 1546 971 1607 rogantibus
1006 1562 1086 1606 pro
1119 1562 1170 1589 eo
1199 1546 1392 1603 cunctis,
1417 1545 1654 1590 detestatus
1676 1563 1745 1590 es-

358 1638 422 1670 set
446 1628 716 1671 severissime
738 1625 867 1669 talem
891 1626 1104 1686 equestris
1129 1625 1295 1669 ordinis
1319 1625 1551 1670 maculam.

424 1710 545 1751 XIII.
575 1707 658 1751 Sed
690 1705 758 1750 vel
786 1707 1006 1767 praecipue
1036 1705 1219 1749 luxuriae
1246 1707 1506 1766 saevitiaeque
1538 1706 1712 1751 deditus
1734 1742 1746 1764 ,

360 1787 510 1849 epulas
538 1787 754 1832 trifariam
784 1803 970 1847 semper,
996 1785 1219 1830 interdum
1241 1786 1559 1847 quadrifariam
1581 1787 1750 1849 disper-

361 1869 518 1924 tiebat,
544 1869 587 1912 in
608 1867 853 1928 jentacula,
879 1877 921 1911 et
963 1867 1172 1929 prandia,
1205 1877 1248 1911 et
1270 1884 1416 1912 coenas
1433 1903 1445 1924 ,
1471 1869 1748 1912 comissatio-

362 1966 553 2010 nesque,
581 1947 706 1992 facile
733 1948 938 1992 omnihus
965 1948 1209 2004 sufficiens,
1241 1948 1483 1992 vomitandi
1507 1959 1746 1993 consuetu-

362 2030 477 2073 dine.
508 2029 736 2073 Indicebat
762 2040 908 2073 autem
942 2028 1063 2073 aliud
1102 2028 1175 2072 alii
1206 2028 1357 2073 eadem
1397 2029 1468 2072 die
1497 2047 1505 2072 :
1535 2046 1613 2073 nec
1650 2030 1747 2073 cui-

363 2128 494 2172 quam
537 2114 682 2155 minus
728 2110 889 2171 singuli
923 2119 1162 2172 apparatus
1201 2110 1514 2172 quadringenis
1560 2109 1751 2154 millibus

366 2209 597 2236 nummum
635 2192 941 2236 constiterunt.
976 2192 1281 2236 Famosissima
1311 2208 1442 2252 super
1467 2201 1633 2236 ceteras
1668 2191 1752 2235 fuit

365 2290 487 2316 coena
512 2272 613 2316 data
636 2273 673 2316 ei
708 2273 953 2316 adventicia
979 2289 1004 2317 a
1029 2273 1184 2329 fratre,
1218 2273 1261 2316 in
1284 2290 1371 2333 qua
1398 2272 1486 2316 duo
1525 2271 1661 2316 millia
1689 2271 1750 2315 le-

367 2355 662 2398 ctissimorum
682 2355 884 2414 piscium,
903 2363 1070 2415 septem
1090 2354 1253 2410 avium,
1277 2354 1476 2415 apposita
1496 2353 1753 2398 traduntur.

367 2437 493 2478 Hanc
511 2451 686 2495 quoque
707 2435 987 2496 exsuperavit
1008 2435 1099 2495 ipse
1121 2434 1397 2479 dedicatione
1419 2435 1601 2496 patinae,
1618 2450 1750 2494 quam

367 2515 422 2557 ob
451 2516 707 2559 immensam
735 2515 1081 2577 magnitudinem
1105 2516 1304 2578 clypeam
1327 2518 1542 2561 llIc'nervoe
1569 2511 1752 2558 Πολιού-

367 2614 442 2652 χου
464 2596 703 2641 dictitabat.
737 2600 787 2640 In
822 2598 903 2641 hac
931 2613 1157 2640 scarorum
1189 2597 1407 2658 jecinora,
1435 2597 1748 2658 phasianorum

366 2686 406 2719 et
435 2694 654 2737 pavonum
684 2676 917 2734 cerebella,
953 2677 1122 2738 linguas
1156 2678 1555 2739 phoenicopterum,
1588 2693 1747 2719 murae-
