1971 3342
443 246 513 280 17⁰
972 234 1008 269 C.
1038 233 1268 269 SUETONII

443 318 646 363 notabilis
674 319 804 362 etiam
832 328 1108 363 externorum
1136 318 1265 362 favor.
1297 317 1497 378 Namque
1526 322 1765 368 Artabanus
1784 359 1796 381 ,

439 400 698 443 Parthorum
734 416 834 454 rex,
868 398 1016 442 odium
1054 397 1222 459 semper
1255 408 1607 460 contemtumque
1637 403 1797 447 Tiberii

439 496 528 540 pree
555 497 597 524 se
623 480 785 535 ferens,
816 479 1047 522 amicitiam
1075 479 1167 538 ejus
1195 478 1310 522 ultro
1339 479 1485 538 petiit3
1515 481 1718 541 venitque
1742 483 1795 526 ad

437 558 703 619 colloquium
737 558 865 619 legati
902 557 1165 613 consularis,
1195 568 1238 602 et
1271 568 1564 620 transgressus
1595 562 1796 621 Euphra-

436 649 551 695 tem,
583 638 749 698 aquilas
784 648 824 682 et
860 638 981 699 signa
1011 655 1221 694 romana,
1252 639 1556 699 Caesarumque
1590 640 1796 702 imagines

434 719 641 764 adoravit.

498 802 594 844 XV.
622 800 887 844 Incendebat
908 810 949 844 et
972 801 1062 861 ipse
1087 800 1229 845 studia
1246 801 1472 845 hominum
1493 802 1613 845 omni
1639 818 1796 862 genere

432 880 752 940 popularitatis.
787 881 961 925 Tiberio
995 898 1092 925 cum
1122 879 1321 941 plurimis
1347 880 1548 943 lacrymis
1579 898 1659 943 pro
1693 899 1796 925 con-

435 961 558 1004 cione
587 960 785 1015 laudato,
813 961 1101 1021 funeratoque
1125 960 1410 1021 amplissime,
1435 961 1659 1006 confestim
1682 964 1796 1005 Pan-

435 1038 644 1083 datariam
678 1051 720 1084 et
744 1041 946 1096 Pontias,
970 1040 1023 1084 ad
1048 1041 1366 1084 transferendos
1392 1042 1542 1085 matris
1568 1041 1796 1102 fratrisque

434 1119 621 1172 cineres,
646 1119 888 1171 festinavit,
913 1129 1164 1180 tempestate
1187 1120 1382 1176 turbida,
1401 1137 1487 1180 quo
1507 1122 1642 1181 magis
1662 1121 1796 1181 pietas

433 1199 666 1242 emineret:
690 1198 881 1259 adiitque
905 1198 1261 1256 venerabundus,
1282 1216 1331 1243 ac
1352 1216 1428 1260 per
1445 1210 1579 1243 semet
1600 1200 1642 1243 in
1665 1217 1797 1244 urnas

433 1277 642 1321 condidit.
667 1280 760 1323 Nec
790 1279 959 1322 minore
987 1295 1113 1322 scena
1140 1279 1328 1336 Ostiam,
1354 1279 1531 1340 praefixo
1556 1280 1599 1323 in
1622 1279 1797 1323 biremis

431 1374 580 1418 puppe
614 1358 796 1411 vexillo,
828 1368 869 1402 et
906 1358 1005 1402 inde
1038 1360 1225 1402 Romam
1256 1359 1400 1403 Tiberi
1434 1359 1686 1414 subvectos,
1721 1376 1797 1420 per

432 1437 829 1498 splendidissimum
857 1455 1071 1499 quemque
1106 1440 1314 1498 equestris
1348 1438 1538 1495 ordinis,
1571 1438 1714 1483 medio
1749 1456 1797 1484 ac

429 1517 646 1577 frequenti
688 1518 755 1562 die
792 1518 963 1562 duobus
1000 1517 1175 1562 ferculis
1213 1518 1432 1562 mausoleo
1470 1518 1655 1562 intulit:
1689 1519 1795 1563 infe-

431 1598 609 1657 riasque
634 1598 700 1641 his
725 1614 870 1642 annua
893 1597 1101 1659 religione
1127 1597 1298 1663 publice
1322 1599 1509 1642 instituit
1530 1615 1540 1642 z
1563 1608 1604 1642 et
1630 1615 1682 1643 eo
1705 1615 1797 1642 am-

430 1675 541 1736 plius
579 1678 706 1721 matri
741 1679 990 1734 Circenses,
1026 1688 1393 1739 carpentumque,
1423 1695 1511 1739 quo
1553 1679 1597 1722 in
1634 1696 1796 1739 pompa

429 1756 741 1800 traduceretur.
767 1759 823 1802 At
857 1758 900 1800 in
926 1757 1181 1801 memoriam
1207 1758 1339 1818 patris
1364 1759 1651 1820 septembrem
1678 1775 1797 1802 men·

428 1854 516 1880 sem
549 1839 860 1882 Germanicam
894 1837 1141 1899 appellavit.
1176 1840 1278 1882 Post
1315 1839 1405 1883 haec
1439 1839 1637 1883 Antoniae
1662 1839 1795 1894 aviae,

427 1917 635 1977 quicquid
657 1935 850 1978 unquam
869 1919 993 1962 Livia
1017 1920 1213 1979 Augusta
1233 1919 1451 1962 honorum
1476 1920 1678 1978 cepisset,
1704 1935 1792 1962 uno

426 1997 800 2041 senatusconsulto
827 1999 1058 2058 congessit.
1090 2001 1299 2041 Patruum
1323 1996 1582 2054 Claudium,
1603 1999 1792 2058 equitem

426 2093 655 2120 romanum
695 2077 749 2120 ad
788 2078 831 2120 id
868 2087 1069 2137 tempus,
1109 2076 1317 2139 collegam
1360 2078 1439 2121 sibi
1480 2079 1524 2121 in
1562 2077 1792 2122 consulatu

423 2156 638 2199 assumsit.
669 2159 863 2199 Fratrem
889 2156 1112 2200 Tiberium
1144 2156 1212 2201 die
1242 2157 1377 2201 virilis
1405 2168 1515 2219 togae
1538 2157 1792 2219 adoptavit,

414 2234 746 2296 *appellavitque
764 2236 1009 2299 principem
1028 2236 1284 2294 juvenculis.
1308 2240 1375 2281 De
1398 2238 1618 2282 sororibus
1641 2247 1793 2282 auctor

422 2314 536 2371 suit,
572 2326 622 2359 ut
662 2317 860 2360 omnibus
899 2318 1177 2361 sacramentis
1219 2318 1502 2379 adjiceretur,
1539 2321 1694 2380 Neque
1726 2334 1793 2361 mc

413 2395 664 2456 ‚liberosque
700 2413 819 2441 meos
853 2399 1048 2443 cariores
1071 2398 1257 2453 habebo,
1297 2415 1430 2460 quam
1465 2399 1618 2443 Caium
1654 2396 1791 2442 habeo

424 2485 465 2519 et
509 2493 680 2521 sorores
712 2476 833 2535 (ssas,-
877 2479 979 2522 item
1021 2478 1302 2522 relationibus
1342 2478 1570 2523 consulum
1603 2495 1612 2522 :
1657 2475 1796 2536 Quod

419 2543 586 2601 ¹honum
603 2557 814 2618 felixque
841 2559 898 2602 sil
929 2559 974 2602 C.
1006 2559 1179 2602 Coesari
1214 2559 1522 2621 sororibusque
1551 2557 1658 2615 (J'JAS.
1691 2557 1789 2601 Pari

429 2636 716 2696 popularitate
758 2635 982 2682 damnatos
1026 2637 1323 2699 relegatosque
1369 2639 1556 2683 restituit
1596 2655 1605 2681 :
1641 2637 1787 2681 crimi-
