1971 3342
431 271 449 293 2
967 262 1006 296 C.
1038 259 1267 295 SUETONII

429 340 571 400 aliqua
600 340 848 400 conjectura
875 358 884 383 :
923 345 971 385 V
968 343 1184 395 z'fzcerem‘,
1213 356 1269 384 ae
1298 339 1381 384 sihi
1404 339 1612 384 haberent
1625 358 1642 394 ‚·
1667 343 1795 386 dum-

429 420 557 464 modo
580 422 739 464 scirent
752 454 765 473 ‚
790 436 886 464 eum
902 455 915 474 ,
942 436 1067 480 quem
1094 420 1350 463 ineolumem
1377 429 1499 462 tanto
1524 436 1649 481 opere
1672 437 1799 483 cupe-

429 510 521 544 rent
535 535 548 555 ,
578 499 841 561 quandoque
869 499 1139 560 optimatium
1158 498 1368 561 partibus
1383 534 1395 553 ,
1424 516 1541 560 qaas
1567 516 1712 544 secum
1746 505 1800 544 si-

427 579 520 624 mul
540 579 858 638 defendissent,
889 580 1025 623 escz'tc'o
1039 578 1280 636 fiztm¹zcm5
1305 594 1408 622 nam
1440 580 1615 624 Caesari
1642 580 1799 623 multos

428 660 601 703 llsarios
622 660 771 703 inesse.

489 740 544 781 II.
584 736 807 798 Stipendia
837 738 978 797 prima
1010 737 1055 780 in
1088 737 1187 781 Asia
1219 737 1348 792 fecit,
1378 739 1439 780 M.
1477 738 1653 781 Thermi
1690 753 1798 797 prae-

426 824 531 863 toris
567 818 883 872 contuberni03
919 834 944 861 a
979 834 1065 878 quo
1105 817 1159 860 ad
1199 816 1498 862 arcessendam
1536 815 1714 860 classem
1755 818 1799 860 in

424 898 672 958 Bithyniam
703 898 882 954 missus,
911 897 1075 940 desedit
1104 896 1220 957 apud
1246 896 1555 953 Nicomedem,
1585 883 1673 939 non
1707 896 1798 939 sine

424 994 600 1021 rumore
620 986 844 1038 prostratae
868 977 958 1037 regi
980 976 1199 1036 pudicitiae
1223 993 1232 1019 :
1258 992 1388 1036 quem
1412 991 1634 1019 rumorem
1657 977 1797 1031 auxit,

425 1058 539 1100 intra
565 1073 725 1117 paucos
753 1073 902 1100 rursus
932 1056 1022 1100 dies
1056 1056 1238 1116 repetita
1267 1055 1495 1115 Bithynia,
1522 1071 1599 1115 per
1624 1071 1796 1098 causam

424 1135 645 1195 exigendae
690 1136 882 1195 pecuniae
901 1170 912 1192 ⁷
958 1151 1053 1195 quae
1098 1135 1330 1178 deberetur
1376 1134 1548 1177 cuidam
1596 1133 1799 1177 libertino

425 1213 572 1257 clienti
602 1230 692 1257 suo.
721 1213 908 1274 Reliqua
935 1213 1115 1269 militia,
1144 1212 1401 1257 secundiore
1427 1211 1541 1255 fama
1569 1211 1678 1268 fuit,
1705 1222 1748 1255 et
1775 1230 1799 1256 a

425 1294 613 1337 Thermo
660 1294 704 1336 in
748 1293 1068 1353 expugnatione
1110 1291 1421 1352 Mytilenarum
1463 1307 1623 1335 corona
1664 1292 1800 1336 civica

426 1372 610 1415 donatus
634 1381 710 1414 est.

490 1453 568 1494 ΙΙΙ.
603 1451 770 1494 Meruit
806 1460 847 1494 et
876 1451 954 1494 sub
990 1449 1174 1494 Servilio
1206 1451 1399 1494 Isaurico
1433 1452 1478 1494 in
1509 1450 1688 1508 Cilicia,
1725 1452 1797 1496 sed

364 1556 367 1561 ‹
425 1531 547 1574 brevi
577 1539 787 1591 tempore.
816 1532 929 1575 Nam
962 1528 1093 1574 Sullae
1121 1539 1262 1573 morte
1292 1540 1540 1591 comperta,
1570 1529 1698 1574 simul
1723 1547 1800 1591 spe

428 1627 548 1654 novae
587 1610 892 1663 dissensionis,
930 1626 1024 1670 quae
1063 1626 1140 1669 per
1169 1611 1231 1654 M.
1268 1611 1304 1653 L
1726 1627 1798 1666 ur,

426 1693 611 1735 Romam
653 1706 838 1750 propere
877 1690 1019 1733 rediit.
1062 1692 1117 1733 Et
1153 1604 1796 1759 Lepidwtffi

427 1786 691 1830 quamquam
714 1770 883 1830 magnis
909 1769 1232 1813 conditionibus
1256 1769 1534 1824 invitaretur,
1558 1769 1763 1813 abstinuit
1788 1787 1796 1813 :

427 1865 525 1892 cum
548 1850 721 1910 ingenio
742 1850 832 1909 ejus
856 1848 1038 1903 diffisus,
1062 1858 1152 1891 tum
1175 1847 1412 1904 occasioni,
1432 1863 1563 1908 quam
1588 1848 1800 1892 minorem

428 1930 631 1990 opinione
651 1928 902 1972 offenderat.

491 2011 568 2053 IV.
605 2010 810 2052 Ceterum
828 2043 838 2063 ,
867 2010 1107 2069 composita
1135 2007 1346 2051 seditione
1376 2005 1520 2062 civili,
1546 2004 1800 2051 Cornelium

428 2087 730 2141 Dolabellam,
759 2088 1028 2131 consularem
1061 2096 1102 2131 et
1134 2085 1445 2147 triumphalem
1474 2086 1618 2129 virum
1636 2121 1648 2141 ,
1677 2103 1801 2146 repe-

429 2167 665 2227 tundarum
703 2166 937 2227 postulavit
973 2184 982 2210 :
1017 2165 1328 2226 absolutoque,
1362 2165 1566 2210 Rhodum
1602 2165 1801 2209 secedere

430 2247 599 2302 statuit,
626 2256 667 2290 et
692 2247 744 2290 ad
770 2246 1073 2290 declinandam
1100 2247 1329 2301 invidiam,
1357 2256 1400 2289 ct
1423 2255 1471 2289 ut
1492 2263 1569 2307 per
1593 2247 1730 2289 otium
1754 2263 1802 2290 ac

431 2327 622 2385 requiem
647 2326 881 2386 Apollonio
905 2325 1101 2381 Moloni,
1127 2325 1364 2369 clarissimo
1389 2335 1492 2370 tunc
1517 2325 1687 2369 dicendi
1713 2341 1803 2368 ma-

431 2405 592 2465 gistro,
621 2422 797 2465 operam
826 2405 960 2448 daret.
990 2408 1087 2449 Huc
1116 2405 1220 2448 dum
1248 2406 1439 2448 hibernis
1463 2406 1553 2464 jain
1582 2405 1800 2448 mensibus

430 2484 616 2544 trajicit,
642 2486 751 2528 circa
778 2485 1115 2528 Pharmacusam
1140 2482 1327 2527 insulam
1350 2500 1374 2526 a
1398 2484 1672 2544 praedonibus
1700 2499 1800 2543 cap-

435 2571 501 2604 tus
534 2572 598 2606 est
621 2580 630 2606 z
654 2565 900 2623 mansitque
936 2562 1052 2622 apud
1078 2579 1176 2616 eos,
1209 2579 1295 2604 non
1332 2563 1422 2606 sine
1454 2578 1623 2606 summa
1648 2561 1800 2621 digna-

435 2641 571 2691 tione,
596 2659 728 2701 prope
751 2643 1039 2701 quadraginta
1060 2640 1170 2695 dics,
1194 2658 1292 2684 cum
1316 2658 1405 2684 uno
1428 2641 1596 2684 medico
1619 2649 1660 2684 et
1680 2643 1801 2685 cubi-
