1971 3342
431 245 503 267 210
970 232 1006 265 Γ..
1040 232 1266 266 SUETONH

429 317 546 360 sidiis
583 318 835 359 nunciatum
861 325 993 366 esset,
1028 331 1180 375 magna
1211 317 1557 359 consternatione
1582 317 1788 377 populns,

428 407 469 441 ct
504 396 682 440 militem
710 398 830 456 quasi
872 395 1159 455 proditorem,
1198 406 1240 438 et
1267 406 1463 439 senatum
1500 397 1620 455 quasi
1649 398 1788 457 parri-

427 478 582 530 cidam,
599 477 702 521 diris
721 476 1310 520 exsecrationibusincessere
1335 493 1422 519 non
1445 485 1543 519 ante
1561 475 1791 532 destiterit,

427 574 557 618 quam
587 574 700 601 unus
728 567 857 616 atque
877 554 1005 611 alter,
1031 565 1071 598 et
1102 572 1199 599 mox
1226 555 1393 616 plures,
1418 572 1442 599 a
1467 555 1790 616 magistratibus

429 639 471 681 in
509 641 665 682 Rostra
701 636 930 697 producti,
966 634 1131 678 salvum
1166 645 1208 679 et
1242 636 1593 696 appropinquare
1629 635 1790 679 confir-

427 728 605 761 marent.

488 799 610 841 XIII.
636 800 728 841 Nec
746 807 890 841 tamen
910 813 1060 857 expers
1085 796 1338 840 insidiarum
1363 812 1671 857 usquequaque
1691 812 1788 856 per-

428 877 608 932 mansit,
635 877 709 921 sed
735 886 777 921 et
809 895 832 921 a
861 876 1061 938 singulis,
1084 886 1127 919 et
1152 893 1227 936 per
1253 876 1505 932 factionem,
1533 887 1575 919 et
1599 875 1786 935 denique

425 957 538 1001 civili
576 957 689 1002 bello
725 957 948 1001 infestatus
989 967 1064 1000 est.
1103 959 1138 1000 E
1178 955 1303 1017 plebe
1342 956 1474 999 homo
1499 965 1623 999 nocte
1650 956 1791 999 media

419 1038 543 1096 juxta
578 1037 826 1081 cubiculum
861 1038 952 1098 ejus
991 1053 1089 1080 cum
1125 1037 1312 1097 pugione
1350 1036 1645 1096 deprehensus
1686 1045 1750 1078 est
1780 1052 1789 1078 :

425 1119 581 1177 reperti
598 1128 641 1161 et
663 1118 873 1177 equestris
893 1117 1057 1160 ordinis
1077 1116 1164 1160 duo
1182 1117 1222 1158 in
1243 1115 1418 1177 publico
1443 1132 1542 1159 cum
1562 1114 1720 1158 dolone
1739 1132 1789 1159 ac

427 1199 649 1242 venatorio
670 1197 810 1242 cultro
826 1197 1136 1259 praestolantes,
1155 1196 1282 1252 alter,
1302 1206 1349 1240 ut
1363 1213 1582 1257 egressum
1597 1196 1792 1253 theatro,

423 1278 551 1335 alter,
586 1288 633 1322 ut
662 1278 974 1323 sacrificantem
1012 1277 1129 1338 apud
1163 1277 1319 1321 Martis
1356 1277 1489 1320 aedem
1531 1276 1788 1321 adoriretur.

422 1359 796 1418 Conspiraverunt
835 1368 980 1401 autem
1014 1357 1067 1400 ad
1104 1374 1169 1400 res
1202 1373 1334 1400 novas
1362 1355 1515 1400 Gallus
1545 1357 1721 1402 Asinius
1748 1367 1791 1400 et

422 1438 614 1482 Statilius
637 1439 873 1493 Corvinus,
898 1437 1104 1481 Pollionis
1127 1454 1175 1480 ac
1196 1435 1391 1480 Messalae
1415 1446 1639 1479 oratorum
1661 1452 1791 1497 nepo-

426 1528 509 1572 tes,
542 1519 743 1562 assumtis
777 1517 1076 1578 compluribus
1109 1516 1273 1560 libertis
1307 1517 1440 1577 ipsius
1478 1526 1609 1576 atque
1640 1519 1787 1560 servis.

421 1597 587 1641 Bellum
610 1598 734 1642 civile
760 1599 895 1641 movit
919 1599 1074 1641 Furius
1098 1596 1308 1641 Camillus
1329 1597 1661 1650 Scribonianus,
1683 1595 1789 1640 Dal-

421 1679 560 1721 matiae
586 1677 774 1739 legatus;
796 1695 943 1721 verum
965 1680 1075 1721 intra
1098 1678 1298 1737 quintum
1320 1677 1431 1720 diem
1456 1693 1687 1737 oppressus
1708 1687 1787 1730 est,

421 1756 686 1817 legionibus,
713 1775 806 1818 quae
832 1767 1152 1801 sacramentum
1178 1766 1474 1812 mutaverant,
1504 1757 1547 1799 in
1570 1757 1786 1816 poeniten-

421 1838 522 1881 tiam
554 1837 760 1899 religione
790 1839 1027 1892 conversis,
1057 1847 1309 1898 postquam,
1336 1836 1598 1880 denunciato
1626 1836 1680 1879 ad
1707 1854 1786 1880 no-

420 1934 521 1961 vum
554 1919 860 1979 imperatorem
896 1919 1068 1971 itinere,
1095 1935 1197 1962 casu
1228 1917 1438 1977 quodam,
1468 1932 1523 1959 an
1550 1916 1786 1972 divinitus,

419 2014 559 2058 neque
594 1998 739 2059 aquila
776 1999 948 2054 ornari,
987 2014 1127 2057 neque
1167 1998 1288 2056 signa
1322 1994 1505 2039 convelli
1534 1997 1786 2055 moverique

418 2088 667 2136 potuerunt.

481 2160 599 2201 XIV.
637 2158 900 2203 Consulatus
928 2176 1058 2219 super
1084 2159 1316 2219 pristinum
1343 2167 1533 2218 quatuor
1557 2158 1712 2219 gessit:
1732 2173 1784 2201 ex

417 2238 574 2297 quihus
591 2238 699 2283 duos
716 2241 1097 2300 primosjunctim,
1126 2249 1352 2300 sequentes
1376 2255 1455 2300 per
1479 2236 1781 2293 intervallum,

416 2328 573 2378 quarto
610 2337 826 2380 quemque
860 2337 996 2376 anno,
1035 2329 1282 2363 semestrem
1318 2319 1621 2375 novissimum,
1650 2318 1784 2361 hime-

417 2408 523 2441 stres
537 2409 723 2455 ceteros,
746 2401 920 2443 tertium
937 2410 1102 2455 autem,
1126 2416 1239 2443 novo
1259 2401 1372 2442 circa
1386 2399 1629 2460 principem
1649 2413 1784 2441 exem-

418 2477 509 2537 plo,
541 2480 581 2522 in
608 2479 749 2523 locum
776 2480 988 2524 demortui
1010 2479 1228 2523 suffectus.
1248 2483 1324 2523 Jus
1349 2488 1389 2522 et
1412 2477 1563 2523 consul
1592 2487 1632 2521 et
1661 2487 1780 2520 extra

418 2558 627 2602 honorem
676 2559 1006 2603 laboriosissime
1047 2559 1173 2612 dixit,
1219 2560 1345 2602 etiam
1390 2560 1476 2602 suis
1516 2572 1781 2615 suorumque

417 2636 565 2681 dicbus
593 2638 872 2683 sollemnibus
890 2675 900 2692 ‚
930 2656 1243 2698 nonnunquam
1268 2638 1384 2681 festis
1410 2653 1583 2697 quoque
1601 2637 1781 2696 antiqui-
