1971 3342
422 241 466 275 36
813 241 850 275 C.
881 241 1115 276 SUETONII
1145 241 1420 275 VITELLIUS.

420 325 538 368 mine
558 324 689 368 obvio
714 325 1012 379 rimabantur,
1036 335 1081 368 ut
1108 324 1176 378 fit,
1201 323 1386 384 singula.
1410 324 1476 368 Ab
1505 324 1570 367 his
1590 334 1810 368 extractus

421 421 443 447 e
470 403 635 448 latebra
652 439 663 461 ,
692 406 985 458 sciscitantes,
1008 425 1028 445 α
1049 405 1146 464 quis
1166 415 1275 448 esset
1297 424 1317 445 >³
1342 405 1464 464 (nam
1488 404 1810 465 ignorabatur),

417 494 461 528 et
485 504 506 525 «
530 485 606 528 ubi
626 501 717 529 esse
741 484 971 529 Vitellium
996 485 1145 540 sciret,
1167 505 1187 527 »
1212 484 1442 529 mendacio
1468 482 1625 528 elusit:
1652 483 1811 528 deinde

417 567 622 627 agnitus,
663 583 818 627 rogare
857 583 942 609 non
981 566 1172 622 destitit,
1206 566 1330 626 quasi
1357 564 1557 626 quaedam
1583 565 1636 609 de
1671 564 1810 609 salute

417 648 677 708 Vespasiani
722 645 949 700 dicturus,
994 657 1044 690 ut
1083 647 1378 690 custodiretur
1428 647 1603 689 interim
1648 645 1713 689 vel
1768 646 1811 689 in

424 744 601 772 carcere
641 745 650 771 :
685 727 825 771 donec
869 726 1063 788 religatis
1099 738 1197 788 post
1229 737 1348 789 terga
1386 727 1615 782 manibus,
1649 727 1812 788 injecto

419 809 664 853 cervicibus
700 807 878 869 laqueo,
914 819 1034 852 veste
1070 808 1272 865 discissa,
1301 808 1553 853 seminudus
1576 809 1620 852 in
1648 811 1810 852 Forum

419 900 585 934 tractus
616 901 703 946 est,
731 891 849 933 inter
874 906 1033 950 magna
1061 907 1208 933 rerum
1241 890 1565 950 verborumque
1594 888 1810 945 ludibria,

419 987 498 1032 per
527 981 667 1015 totum
701 972 779 1015 viae
822 973 963 1015 Sacrae
998 972 1210 1032 spatium,
1258 971 1438 1014 reducto
1477 988 1602 1014 coma
1648 971 1813 1031 capite,

420 1069 498 1097 ceu
546 1054 664 1097 noxii
706 1051 868 1106 solent,
911 1063 1043 1113 atque
1076 1054 1207 1096 etiam
1247 1062 1394 1096 mento
1430 1069 1640 1095 mucrone
1681 1051 1813 1112 gladii

418 1133 624 1177 subrecto
642 1170 653 1189 ,
688 1143 736 1177 ut
766 1133 989 1177 visendam
1020 1134 1233 1194 praeberet
1263 1133 1416 1177 facien]
1434 1168 1444 1188 ,
1472 1149 1580 1176 neve
1610 1133 1812 1175 summit-

420 1223 551 1270 teret3
582 1213 846 1274 quibusdam
878 1223 1068 1258 stercore
1108 1224 1150 1257 et
1183 1231 1308 1258 coeno
1337 1213 1681 1269 incessentibus,
1720 1212 1815 1256 aliis

425 1295 749 1340 incendiariwn
777 1305 817 1338 et
839 1296 1120 1357 patl'narl'wn
1152 1294 1522 1351 vociferantibus,
1549 1303 1673 1355 parte
1697 1293 1815 1354 vulgi

422 1377 553 1420 etiam
585 1377 784 1436 corporis
814 1377 918 1420 vitia
945 1375 1237 1436 exprobrante
1259 1378 1377 1437 (erat
1404 1376 1519 1418 enim
1549 1376 1593 1418 in
1613 1391 1663 1418 eo
1691 1390 1816 1417 enor-

426 1457 506 1500 mis
548 1458 811 1517 proceritas,
839 1457 968 1500 facies
992 1456 1152 1500 rubida
1181 1455 1444 1516 plerumque
1473 1472 1524 1498 ex
1555 1454 1814 1507 vinolentia,

420 1548 577 1581 venter
604 1538 785 1593 obesus,
813 1536 1001 1580 alterum
1039 1537 1182 1580 femur
1210 1535 1461 1592 subdebile,
1491 1534 1686 1597 impulsu
1710 1535 1813 1579 olim

422 1617 670 1678 quadrigae,
704 1634 839 1677 quum
874 1617 1093 1677 auriganti
1130 1617 1238 1661 Caio
1269 1617 1615 1660 ministratorem
1641 1615 1816 1659 exhibe-

422 1699 546 1759 ret),
571 1698 745 1742 tandem
782 1698 901 1759 apud
935 1698 1174 1741 Gemonias
1212 1698 1514 1740 minutissimis
1543 1696 1703 1739 ictibus
1743 1713 1816 1739 ex-

419 1778 698 1822 carnificatus
736 1789 868 1838 atque
899 1777 1124 1821 confectus
1164 1787 1251 1833 est,
1289 1787 1331 1820 et
1366 1777 1468 1820 inde
1505 1793 1621 1821 unco
1653 1786 1817 1820 tractus

420 1861 463 1902 in
488 1860 697 1904 Tiberim.

487 1943 655 1986 XVIII.
693 1943 829 1986 Periit
859 1960 959 1987 cum
990 1943 1124 1987 fratre
1155 1954 1197 1987 et
1224 1943 1333 2000 filio,
1364 1959 1479 1986 anno
1506 1942 1603 1985 vitae
1630 1941 1817 2002 septimo

423 2031 465 2065 et
499 2024 867 2083 quinquagesimo
899 2041 908 2067 z
938 2041 1017 2067 nec
1055 2023 1207 2067 fefellit
1245 2025 1500 2083 conjectura
1530 2039 1708 2078 eorum,
1742 2022 1816 2082 qui

423 2104 635 2163 augurio,
658 2103 778 2164 quod
805 2104 968 2147 factum
997 2107 1035 2148 ei
1063 2106 1249 2148 Viennae
1270 2105 1540 2148 ostendimus
1557 2138 1568 2155 ‚
1592 2120 1679 2147 non
1700 2102 1817 2146 aliud

421 2182 628 2242 portendi
662 2183 981 2244 praedixerant,
1006 2201 1137 2244 quam
1175 2195 1409 2229 venturum
1438 2185 1482 2228 in
1520 2183 1704 2244 alicujus
1727 2182 1818 2244 gal·

420 2261 549 2307 licani
571 2264 762 2307 bominis
783 2275 1039 2324 potestatem
1065 2283 1073 2308 ε
1098 2265 1316 2325 siquidem
1345 2265 1399 2308 ab
1429 2265 1622 2308 Antonio
1646 2265 1814 2318 Primo,

419 2343 702 2388 adversarum
740 2347 934 2407 partium
972 2346 1103 2400 duce,
1141 2363 1378 2406 oppressus
1420 2355 1506 2401 est,
1545 2346 1614 2388 cui
1652 2344 1818 2387 Tolosae

422 2436 524 2469 nato
543 2443 788 2487 cognomen
817 2428 859 2470 in
889 2428 1075 2487 pueritia
1104 2430 1244 2471 Becco
1278 2426 1430 2470 fuerat.
1465 2426 1515 2469 Id
1546 2425 1657 2469 valet
1691 2423 1814 2484 galli-

420 2508 544 2551 nacei
567 2517 775 2552 rostrum.
