1988 3439
693 289 951 325 CALIGULA.
1439 290 1506 341 195

205 377 299 420 LII.
323 376 497 420 Vestitu
525 373 812 434 calciatuque,
839 383 880 417 et
904 381 1050 418 cetero
1076 371 1250 430 habitu,
1271 390 1410 436 neque
1435 392 1510 438 pa-

140 454 226 499 trio
242 490 254 513 ,
284 471 425 516 neque
449 453 592 511 civili,
626 471 676 498 ac
697 470 751 498 ne
777 452 891 497 virili
915 453 1116 514 quidem,
1141 469 1191 498 ac
1218 452 1406 515 denique
1430 455 1511 499 hu-

142 551 307 593 mano,
343 551 513 597 semper
547 551 651 578 usus
687 543 763 578 est.
805 535 926 596 Saepe
962 533 1152 596 depictas
1186 544 1511 596 gemmatasque

144 615 326 660 indutus
354 613 570 678 paenulas,
593 613 865 658 manuleatus
887 624 929 658 et
949 612 1192 658 armillatus
1217 614 1260 658 in
1286 613 1510 675 publicum

143 697 356 756 processit
377 713 387 740 :
413 693 650 755 aliquando
675 694 903 750 sericatus,
927 703 969 739 et
995 693 1242 756 cycladatus
1264 711 1274 738 :
1302 711 1352 738 ac
1381 694 1512 739 modo

142 777 187 819 in
210 774 399 836 crepidis
427 773 496 819 vel
524 774 754 820 cothurnis
770 809 782 832 ,
805 773 936 819 modo
962 775 1006 819 in
1032 773 1323 837 speculatoria
1346 773 1484 837 caliga
1499 810 1511 832 ,

146 871 466 915 nonnunquam
507 871 635 900 socco
671 854 905 912 muliebri,
943 854 1200 917 plerumque
1239 871 1342 900 vero
1381 872 1513 899 aurea

145 934 308 992 barba,
341 934 510 980 fulmen
541 946 719 993 tenens,
751 946 827 980 aut
858 936 1097 992 fuscinam,
1134 945 1211 980 aut
1243 935 1481 981 caduceum
1500 971 1511 993 ,

144 1013 326 1059 deorum
352 1015 559 1077 insignia,
586 1026 717 1078 atque
745 1016 874 1061 etiam
893 1017 1076 1061 Veneris
1101 1015 1222 1061 cultu
1252 1026 1512 1077 conspectus

146 1104 226 1140 est.
257 1095 591 1157 Triumphalem
619 1096 794 1158 quidem
821 1108 1024 1142 ornatum
1049 1097 1180 1141 etiam
1208 1107 1309 1140 ante
1336 1095 1513 1158 expedi-

145 1175 311 1219 tionem
341 1176 510 1220 assidue
541 1178 749 1238 gestavit3
784 1177 1002 1221 interdum
1033 1187 1074 1222 et
1098 1178 1251 1238 Magni
1279 1176 1512 1223 Alexandri

144 1253 369 1299 thoracem
386 1290 397 1312 ,
424 1256 653 1316 repetitum
685 1274 707 1301 e
732 1256 976 1301 conditorio
1002 1258 1106 1318 ejus.

209 1337 327 1380 LIII.
354 1339 418 1381 Ex
446 1335 688 1398 disciplinis
717 1336 968 1382 liberalibus
996 1338 1224 1381 minimum
1253 1336 1513 1392 eruditioni,

138 1414 396 1476 eloquentiae
440 1415 679 1478 plurimum
719 1417 933 1474 attendit,
972 1419 1252 1477 quantumvis
1298 1417 1511 1461 facundus

138 1505 181 1539 et
212 1505 439 1556 promtus,
472 1497 647 1557 utique,
683 1497 716 1541 si
753 1497 1047 1558 perorandum
1084 1498 1128 1540 in
1162 1497 1351 1556 aliquem
1385 1506 1509 1540 esset.

137 1577 256 1620 Irato
289 1585 330 1620 et
358 1576 489 1621 verba
523 1586 565 1620 et
601 1579 825 1621 sententiae
852 1578 1171 1638 suppetebant;
1204 1577 1512 1638 pronunciatio

139 1672 314 1716 quoque
339 1666 382 1700 et
411 1673 521 1714 vox,
553 1666 602 1701 ut
634 1674 776 1718 neque
810 1657 961 1702 eodem
992 1657 1073 1702 loci
1102 1674 1191 1719 prae
1221 1657 1377 1701 ardore
1407 1673 1514 1700 con-

141 1736 331 1792 sisteret,
354 1745 396 1780 et
419 1736 700 1782 exaudiretur
724 1754 746 1782 a
769 1737 921 1799 procul
947 1738 1176 1781 stantibus.
1196 1739 1515 1793 Pei-oraturus,

140 1817 435 1861 «stricturum
464 1833 509 1861 se
537 1816 855 1862 lucubrationis
884 1836 971 1863 suae
999 1817 1161 1874 telum,
1182 1838 1202 1859 »
1232 1818 1515 1873 minabatur3

144 1895 281 1940 lenius
317 1898 592 1958 cointiusque
628 1899 846 1942 scribendi
879 1916 1016 1960 genus
1052 1899 1161 1942 adeo
1199 1908 1514 1953 contemnens,

142 1986 192 2020 ut
224 1978 460 2033 Senecam,
494 1988 586 2022 tum
622 1980 810 2022 maxime
843 1977 1114 2039 placentem,
1147 1979 1516 2022 «commissiones

143 2072 282 2101 meras
304 2076 324 2097 ³>
349 2073 641 2118 componere,
674 2069 717 2102 et
745 2079 765 2100 «
788 2076 963 2102 arenam
999 2076 1089 2102 esse
1117 2060 1208 2101 sine
1238 2057 1381 2113 ealce,
1406 2078 1425 2098 »
1450 2057 1515 2099 di—

146 2146 278 2180 ceret.
327 2136 503 2181 Solebat
550 2140 678 2182 etiam
727 2139 947 2200 prosperis
995 2148 1220 2181 oratorum
1265 2137 1512 2180 actionibus

145 2216 404 2272 rescribere,
428 2227 469 2260 et
493 2234 752 2278 magnorum
779 2220 820 2262 in
845 2229 994 2263 senatu
1022 2236 1197 2262 reorum
1218 2218 1518 2262 accusationes

146 2295 503 2357 defensionesque
539 2298 764 2353 meditari,
793 2316 866 2354 ac,
895 2309 1027 2359 prout
1063 2299 1186 2343 stilus
1215 2308 1426 2354 cesserat,
1455 2297 1518 2340 vel

146 2392 329 2419 onerare
356 2378 568 2421 sententia
595 2395 670 2421 sua
697 2395 933 2438 quemque,
956 2377 1018 2422 vel
1044 2378 1299 2435 sublevat-03
1325 2378 1514 2437 equestri

148 2471 323 2516 quoque
347 2457 500 2501 ordine
525 2457 577 2500 ad
603 2458 867 2501 audiendum
902 2459 1083 2501 invitato
1110 2476 1184 2518 per
1212 2459 1366 2501 edicta.

212 2538 324 2580 LIV.
353 2537 502 2581 Sedet
531 2537 715 2581 aliorum
747 2556 953 2581 (renerum
987 2549 1100 2582 artes
1132 2539 1446 2581 studiosissime
1478 2548 1519 2580 et

746 2574 769 2599 Ὀ

148 2615 459 2661 diversissimas
493 2620 697 2662 exercuit.
728 2620 870 2662 Threx
905 2630 946 2662 et
983 2621 1163 2681 auriga,
1197 2619 1309 2661 idein
1346 2628 1517 2672 cantor,

150 2707 280 2756 atque
319 2697 511 2742 saltator.
548 2700 760 2743 Batuebat
797 2702 1067 2760 pugnatoriis
1101 2701 1260 2750 armis,
1290 2698 1519 2759 aurigabat

1267 2780 1329 2824 1'3.
