2004 3439
450 288 517 324 DE
545 290 787 328 SUETONII
817 295 937 333 VITA
966 298 1029 333 ET
1056 300 1286 341 SCRIPTIS.
1528 311 1566 358 iij

171 370 381 430 quoniam
410 373 580 419 assidua
612 392 747 422 manu
773 394 1063 428 versaverunt
1088 387 1315 447 Tacitum,
1342 394 1438 454 qui,
1464 393 1565 441 licet

170 452 291 496 intra
325 455 627 514 quorumdam
659 459 1012 519 wvz'tattlfinz't‘us,
1042 476 1085 510 et
1120 477 1338 533 tanquam
1371 491 1401 518 a
1431 493 1564 523 scena

170 533 390 589 remotior,
401 535 538 597 plura
549 554 686 600 poene
702 543 918 606 proecipit
933 561 1072 606 qaam
1095 561 1270 606 narrat,
1291 571 1560 604 arcanotwn

167 615 445 660 consiliorum
473 619 678 665 curiosus
702 621 951 685 indagator
972 636 1017 671 et
1035 630 1240 690 sagax*,
1263 637 1563 699 torrentisque

169 695 308 740 instar
328 695 513 743 lectores
542 701 706 746 crebris
734 704 1101 770 vibrantibusque
1121 716 1350 760 sententiis
1378 717 1562 780 abripit,

165 777 428 824 Suetonium
469 780 600 827 dente
637 783 833 847 maligno
875 803 1159 851 carpserunt,
1211 795 1310 841 ideo
1349 798 1471 858 quod
1515 802 1559 845 in

165 873 298 918 opere
351 876 431 905 suo
483 871 681 925 tempora
731 876 817 912 tam
869 871 1002 915 variis
1056 874 1229 920 vicibus
1270 882 1561 927 memoranda

163 938 439 1000 complexus,
463 946 724 1004 paucissima
751 947 805 993 de
831 967 877 995 re
906 951 1084 1013 publica
1107 956 1181 1000 vix
1200 959 1420 1020 attigerit,
1444 972 1562 1008 totus

160 1020 286 1079 quasi
314 1022 359 1066 in
386 1024 702 1072 minutioribus
730 1046 863 1090 quam
891 1032 1225 1096 diligentissime
1252 1044 1560 1106 congerendis.

223 1102 397 1147 Horum
420 1105 469 1149 in
486 1110 747 1154 sententiam
768 1111 954 1172 pedibus
969 1116 1165 1162 eundum
1189 1121 1299 1166 mihi
1319 1123 1560 1183 videretur,

162 1181 310 1226 sicum
337 1184 467 1230 Livio
494 1198 570 1232 aut
591 1190 744 1235 Tacito
765 1195 979 1254 congredi
1005 1198 1244 1244 Suetonius
1265 1202 1493 1250 habuisset
1513 1207 1558 1250 in

160 1262 323 1308 animo.
350 1267 630 1313 Provinciam
651 1288 754 1316 vero
778 1275 925 1320 minus
945 1278 1131 1324 arduam
1156 1284 1374 1330 sustinere
1403 1286 1557 1332 voluit.

161 1343 262 1386 Non
301 1345 346 1388 in
375 1348 610 1408 magnifico
643 1361 855 1412 tanquam
896 1356 1091 1402 historiae
1126 1362 1298 1407 theatro
1325 1365 1559 1427 loquentes

158 1433 393 1484 agentesve
424 1429 618 1475 Caesares
651 1432 860 1492 exliibet3
897 1446 941 1480 at
968 1438 1083 1484 intra
1121 1439 1389 1491 domesticos
1414 1450 1560 1509 parie-

159 1515 223 1549 tes
245 1522 325 1551 nos
343 1506 487 1567 ducit,
518 1521 590 1569 ut,
616 1512 815 1574 deposita
836 1517 1090 1578 majestate,
1118 1524 1272 1583 quales
1297 1543 1345 1572 re
1368 1529 1464 1591 ipsa
1491 1548 1560 1576 es-

159 1596 280 1644 sent,
316 1602 580 1652 apparerent
608 1611 699 1639 non
731 1596 823 1656 jam
855 1599 1225 1665 circumfulgente
1264 1608 1560 1670 imperatoriae

157 1666 386 1728 dignitatis
396 1671 588 1734 fulgore3
603 1684 787 1738 tumque
805 1677 934 1739 plane
949 1682 992 1725 in
1017 1681 1159 1729 lucem
1173 1686 1321 1733 ederet
1339 1691 1558 1754 quidquid

157 1747 224 1793 vel
237 1752 427 1811 egerint,
442 1753 515 1798 vel
527 1754 734 1802 dixerint.
746 1759 868 1803 Nihil
884 1763 1162 1826 omisitquod
1180 1771 1366 1828 posteris
1383 1773 1559 1820 tradere

161 1833 354 1891 pretium
391 1851 536 1896 operoe
563 1847 681 1894 erat3
708 1857 789 1884 nec
815 1843 1060 1904 quidquam
1087 1847 1286 1909 obstitit,
1313 1853 1423 1913 quin
1451 1856 1557 1900 vitia

155 1912 369 1975 cujusque
386 1925 428 1960 et
445 1919 670 1979 propriam
697 1921 889 1967 indolem
907 1930 1194 1987 expresserit,
1211 1934 1302 1977 veri
1328 1951 1467 1997 usque
1494 1947 1558 1982 te-

156 2009 244 2037 nax
269 2011 278 2038 :
300 1994 389 2040 imo
416 2014 739 2061 nonnunquam
764 2005 983 2064 veritatis,
1012 2010 1159 2055 verbis
1180 2013 1234 2056 sit
1253 2016 1405 2074 venia,
1432 2035 1559 2064 accu-

157 2075 294 2119 ratior
329 2077 563 2139 indagator
589 2091 633 2126 et
664 2083 903 2147 interpres,
930 2104 978 2132 ea
1014 2093 1178 2136 nostris
1208 2094 1350 2141 oculis
1377 2099 1559 2160 subjicit

159 2158 279 2201 omni
330 2158 579 2207 velamento
622 2167 787 2211 nudata
814 2202 825 2223 ,
876 2186 973 2231 quae
1020 2189 1109 2217 non
1154 2174 1399 2238 detegenda
1437 2181 1556 2227 haud

160 2236 384 2284 immerito
419 2241 603 2302 ‹lixeris3
639 2247 723 2291 nisi
758 2259 887 2294 cauta
916 2268 1051 2298 manu
1069 2265 1112 2298 ct
1141 2255 1214 2302 illa
1248 2259 1559 2322 indignatione

159 2318 296 2362 animi
323 2337 445 2381 quae,
474 2323 578 2368 dum
610 2327 653 2371 in
686 2329 791 2374 vitia
826 2335 1039 2379 acerrime
1071 2337 1313 2398 invehitur,
1342 2344 1554 2391 vitiorum

159 2397 308 2444 odium
349 2411 392 2446 et
438 2402 668 2449 horrorem
711 2409 943 2470 ingenerat
972 2432 981 2458 :
1009 2418 1248 2465 Suetonius
1275 2434 1423 2469 autem
1454 2426 1557 2471 talia

159 2584 309 2633 scriptis
327 2615 337 2632 ,
370 2600 455 2636 quae
479 2591 631 2640 collegit
650 2594 750 2630 Sam.
771 2596 930 2635 Pitiscus
960 2600 997 2635 in
1020 2602 1059 2637 C.
1080 2604 1236 2641 Sueton.
1258 2620 1396 2657 opera,
1425 2613 1483 2650 ed.
1509 2627 1555 2661 11,

158 2647 398 2696 Leovardiae,
420 2651 494 2686 vol.
518 2653 654 2700 prim0.

215 2710 230 2725 ¹⁶
252 2711 435 2758 Corium,
455 2715 502 2749 de
528 2716 623 2752 Hist.
644 2719 868 2757 utilitatibus
887 2724 1022 2761 oratio.
