1988 3407
832 239 988 274 OTHO.
1574 232 1620 267 23

227 328 336 372 dans
365 326 570 388 reliquias
601 342 700 370 suas
727 335 768 370 et
796 323 1070 369 memoriam.
1092 320 1320 382 Quicquid
1347 319 1504 364 deinde
1530 319 1623 381 epi-

225 410 440 455 stolarum
467 419 588 463 erat,
613 424 668 452 ne
695 408 765 452 cui
797 404 994 468 periculo
1023 414 1099 449 aut
1122 420 1249 448 noxae
1270 402 1389 465 apud
1412 404 1624 446 victorem

226 492 398 549 forent,
429 489 739 536 concremavit.
769 487 932 533 Divisit
966 496 1009 531 et
1038 485 1250 548 pecunias
1279 484 1533 528 domesticis
1572 500 1626 528 ex

224 574 350 635 copia
376 573 592 635 praesenti.

294 657 374 700 XI.
404 658 549 716 Atque
578 654 636 697 ita
665 663 869 714 paratus,
907 651 1194 710 intentusque
1229 649 1322 710 jam
1358 648 1513 696 morti,
1554 657 1627 691 tu-

231 736 375 783 multu
406 738 519 781 inter
541 752 688 780 moras
710 743 886 791 exorto,
912 743 962 777 ut
982 749 1077 790 eos,
1102 732 1179 794 qui
1202 729 1427 776 discedere
1447 737 1490 774 et
1511 729 1631 774 abire

232 818 487 882 coeptabant
502 853 514 874 ,
538 818 704 878 corripi
729 817 855 878 quasi
880 814 1125 860 desertores
1142 848 1154 871 ,
1176 813 1456 874 detinerique
1476 812 1631 867 sensit,

229 922 250 943 ι(
271 899 564 962 Adjiciamus,
581 919 602 941 »
626 899 792 960 inquit,
813 917 833 940 «
848 897 946 942 vitae
974 906 1018 941 et
1039 896 1155 940 hanc
1176 905 1374 952 noctem,
1392 914 1413 936 »
1434 893 1503 938 his
1527 892 1632 956 ipsis

233 981 508 1042 totidemque
533 980 678 1025 verbis
705 997 714 1024 τ
739 980 992 1040 vetuitque,
1021 979 1112 1022 vim
1136 978 1347 1039 cuiquam
1372 976 1489 1034 fieri;
1515 984 1558 1020 et
1588 975 1632 1018 in

231 1080 375 1108 serum
401 1079 542 1124 usque
568 1071 746 1124 patente
776 1059 1007 1117 cubiculo,
1036 1061 1069 1104 si
1097 1059 1195 1121 quis
1225 1058 1347 1103 adire
1377 1057 1526 1113 vellet,
1554 1073 1634 1118 po-

235 1154 434 1189 testatem
462 1144 528 1188 sui
560 1143 763 1206 praebuit.
792 1144 897 1186 Post
924 1142 1009 1186 hoc
1039 1140 1189 1185 sedata
1217 1140 1287 1184 siti
1318 1138 1471 1202 gelidae
1510 1154 1634 1200 aquae

237 1227 444 1287 potione,
469 1225 657 1286 arripuit
681 1224 792 1268 duos
815 1224 1054 1285 pugiones,
1086 1232 1128 1266 et
1153 1220 1378 1283 explorata
1405 1221 1635 1281 utriusque

237 1307 350 1363 acie,
374 1323 513 1367 quum
536 1305 725 1350 alterum
747 1303 933 1367 pulvino
954 1302 1240 1360 subdidisset,
1264 1302 1434 1347 foribus
1455 1301 1636 1363 adaper-

234 1389 288 1433 tis
314 1388 535 1432 artissimo
562 1403 718 1432 somno
743 1386 924 1447 quievit.
955 1387 1010 1430 Et
1036 1386 1152 1429 circa
1182 1383 1324 1429 lucem
1352 1384 1531 1428 demum
1562 1400 1635 1427 ex-

234 1468 531 1533 pergefaetus,
562 1484 652 1513 uno
681 1484 725 1512 se
750 1468 924 1528 trajecit
952 1467 1040 1511 ictu
1068 1465 1182 1510 infra
1209 1464 1364 1511 laevam
1391 1463 1600 1526 papillam
1625 1481 1632 1507 :

239 1550 680 1612 irrumpentibusque
712 1549 767 1593 ad
800 1549 994 1611 primum
1023 1549 1264 1610 gemitum,
1295 1546 1429 1590 modo
1465 1544 1635 1599 celans,

234 1630 368 1676 modo
407 1631 614 1694 detegens
648 1630 854 1694 plagam,
893 1630 1169 1674 exanimatus
1211 1638 1301 1683 est,
1346 1637 1388 1672 et
1436 1626 1638 1672 celeriter

233 1713 360 1774 (nam
398 1713 460 1757 ita
501 1711 797 1774 praeceperat)
838 1711 1098 1767 funeratus,
1138 1711 1363 1754 tricesimo
1401 1718 1445 1753 et
1482 1718 1638 1752 octavo

235 1795 373 1839 aetatis
397 1810 540 1850 anno,
567 1804 610 1838 et
646 1793 933 1854 nonagesimo
955 1803 998 1836 et
1026 1792 1185 1854 quinto
1208 1791 1383 1853 imperii
1407 1790 1490 1835 die.

301 1876 404 1921 XII.
432 1877 578 1921 Tanto
610 1875 803 1920 Othonis
818 1875 968 1919 animo
986 1890 1269 1935 nequaquam
1289 1890 1451 1935 eorpus
1469 1883 1540 1916 aut
1562 1873 1638 1915 lia-

236 1959 354 2003 bitus
376 1957 618 2019 competiit.
642 1957 794 2001 Fuisse
814 1956 931 2000 enim
955 1954 1148 1998 traditur
1170 1964 1213 1998 et
1230 1954 1414 1998 modicae
1431 1963 1638 2010 staturae,

237 2050 281 2083 et
309 2038 422 2083 male
451 2037 638 2100 pedatus
670 2036 962 2097 scambusque
991 2053 1000 2079 :
1032 2035 1354 2080 munditiarum
1387 2051 1491 2078 vero
1518 2051 1640 2096 paene

239 2120 552 2177 muliebrium,
589 2117 717 2164 vulso
755 2134 971 2180 corpore,
1008 2115 1249 2179 galericulo
1288 2117 1421 2178 capiti
1461 2126 1642 2178 propter

240 2203 466 2246 raritatem
488 2199 752 2263 capillorum
773 2199 985 2261 adaptato
1007 2208 1049 2243 et
1070 2215 1267 2254 annexo,
1290 2207 1339 2242 ut
1365 2214 1496 2241 nemo
1516 2197 1641 2241 dino-

243 2294 385 2329 sceret
408 2302 417 2328 :
441 2283 548 2345 quin
571 2293 614 2327 et
636 2282 790 2326 faeiem
812 2280 1010 2343 quotidie
1033 2281 1236 2336 rasitare,
1261 2297 1310 2324 ac
1332 2296 1445 2342 pane
1466 2279 1642 2324 madido

243 2365 379 2410 liuere
399 2374 659 2409 consuetum
682 2381 690 2407 :
715 2363 846 2424 idque
869 2362 1109 2406 instituisse
1127 2378 1150 2405 a
1174 2363 1313 2422 prima
1338 2360 1567 2423 lanugine,
1591 2377 1644 2405 ne

246 2447 458 2493 barbatus
481 2462 677 2507 unquam
702 2454 838 2489 esset:
863 2460 984 2488 sacra
1007 2444 1138 2487 etiam
1160 2442 1288 2486 Isidis
1310 2459 1421 2504 saepe
1444 2443 1486 2485 in
1510 2441 1643 2486 lintea

245 2528 539 2591 religiosaque
563 2537 681 2572 veste
709 2524 940 2588 propalam
966 2523 1221 2570 celebrasse.
1252 2525 1335 2567 Per
1358 2540 1453 2584 quae
1478 2522 1640 2567 sactum

248 2621 399 2672 putem
420 2645 431 2664 ,
458 2619 506 2653 ut
533 2625 652 2653 mors
681 2609 798 2669 ejus,
839 2608 1020 2652 minime
1050 2621 1300 2667 congruens
1329 2605 1454 2658 vitae,
1486 2604 1641 2664 majori

249 2690 462 2736 miraculo
485 2689 628 2734 fuerit.
654 2688 786 2733 Multi
812 2688 1091 2744 praesentium
1115 2685 1305 2731 militum
1327 2702 1426 2730 cum
1451 2684 1643 2746 plurimo
