1971 3342
452 237 519 274 ¹9⁹
983 230 1021 264 C.
1051 228 1282 265 SUETONH

447 318 490 352 et
522 309 701 352 nomina
733 308 957 353 barbarica
988 310 1112 354 ferre.
1145 310 1354 371 Praecepit
1385 310 1541 364 etiam,
1579 310 1799 367 triremes,

422 389 603 449 'quibus
643 390 867 434 introierat
902 393 1154 447 Oceanum,
1196 406 1354 451 magna
1391 406 1442 434 ex
1482 399 1604 451 parte
1642 390 1796 434 itinere

446 470 636 512 terrestri
675 472 861 513 Romam
900 468 1066 514 devehi.
1107 470 1289 531 Scripsit
1325 479 1367 512 et
1406 469 1798 529 procuratoribus:

444 548 778 608 «Triumphum
816 558 1077 609 appararent
1114 565 1246 609 quam
1286 548 1466 592 minima
1500 564 1692 604 summa,
1726 547 1800 591 sed

444 637 631 687 quantus
655 643 879 687 nunquam
905 626 1013 670 alius
1039 627 1211 683 fuisset;
1236 626 1411 687 quando
1438 626 1480 670 in
1505 626 1702 670 omnium
1723 626 1803 670 ho-

444 706 612 749 minum
636 706 750 749 bona
772 706 842 766 jus
868 706 1092 750 haberent.
1118 727 1138 748 »

506 786 709 828 XLVIII.
737 786 997 845 Priusquam
1030 785 1253 845 provincia
1287 785 1540 840 decederet,
1571 785 1800 830 consilium

445 863 542 908 iniit
570 863 766 907 nefandae
798 865 1063 918 atrocitatis,
1092 864 1306 925 legiones,
1339 881 1434 925 quae
1460 874 1553 925 post
1580 882 1800 910 excessum

444 944 631 1003 Augusti
652 943 903 988 seditionem
925 943 1028 987 olim
1048 954 1294 1000 moverant,
1315 943 1665 999 contrucidandi,
1685 944 1803 1004 quod

445 1032 488 1066 et
519 1034 688 1084 patrem
717 1041 844 1068 suum
879 1024 1190 1069 Germanicum
1220 1024 1402 1078 ducein,
1432 1034 1474 1067 et
1503 1040 1568 1080 se,
1594 1024 1801 1067 infantem

445 1111 576 1158 tunc,
609 1103 889 1147 obsedissent.
919 1105 1092 1163 Vixque
1121 1120 1145 1146 a
1179 1113 1267 1146 tam
1299 1104 1510 1163 praecipiti
1542 1105 1805 1163 cogitatione

445 1192 700 1240 revocatus,
728 1183 911 1226 inhiberi
942 1182 1063 1226 nullo
1100 1183 1241 1242 potuit
1274 1183 1430 1239 modo,
1459 1183 1564 1243 quin
1593 1182 1807 1227 decimare

445 1260 554 1305 velle
574 1274 876 1322 perseveraret.
892 1265 1080 1307 vocatas
1099 1263 1243 1323 itaque
1261 1262 1314 1305 ad
1331 1263 1582 1306 concionem
1601 1263 1806 1319 inermes,

444 1351 575 1402 atque
604 1344 733 1387 etiam
760 1343 911 1404 gladns
935 1342 1170 1403 depositiS,
1191 1343 1391 1403 ,equitatu
1422 1353 1590 1386 armato
1614 1344 1802 1386 circum-

445 1420 575 1465 dedit.
603 1423 687 1466 Sed
712 1439 847 1483 quum
870 1422 1060 1477 videret,
1088 1431 1286 1482 suspecta
1312 1438 1383 1477 re,
1417 1421 1646 1481 plerosque
1671 1421 1801 1465 dilabi

444 1500 499 1544 ad
525 1501 809 1558 resumenda,
847 1502 881 1544 si
910 1518 996 1560 qua
1031 1501 1094 1544 vis
1121 1500 1269 1556 fieret,
1306 1517 1449 1556 arma,
1478 1500 1673 1561 profugit
1698 1517 1803 1544 con-

444 1580 635 1637 cionem,
661 1581 979 1640 confestimque
999 1580 1164 1623 Urbem
1189 1580 1331 1639 petiit,
1352 1579 1514 1623 deflexa
1546 1581 1663 1622 omni
1686 1597 1804 1623 acer-

444 1660 579 1704 bitate
602 1661 647 1703 in
674 1671 897 1714 senatum,
923 1660 993 1704 cui
1018 1660 1072 1703 ad
1098 1660 1352 1703 avertendos
1376 1669 1598 1702 tantorum
1621 1659 1803 1703 dedeco-

444 1756 542 1783 rum
571 1754 766 1783 rumores
798 1738 942 1799 palam
978 1739 1251 1794 minabatur,
1279 1755 1462 1798 querens
1500 1739 1614 1782 inter
1638 1750 1777 1783 cetera
1795 1774 1806 1796 ,

444 1819 692 1864 fraudatum
720 1837 763 1863 se
792 1820 909 1880 justo
939 1819 1187 1879 triumpho,
1218 1835 1355 1878 quum
1389 1820 1480 1879 ipse
1516 1819 1646 1880 paulo
1681 1830 1804 1877 ante,

444 1916 498 1942 ne
528 1899 634 1960 quid
659 1899 712 1943 de
740 1899 980 1943 honoribus
1010 1900 1096 1943 suis
1127 1907 1350 1959 ageretur,
1381 1901 1510 1942 etiam
1540 1900 1620 1942 sub
1652 1900 1803 1943 mortis

443 1996 567 2040 poena
596 1980 914 2024 denunciasset.

506 2061 665 2103 XLIX.
689 2059 843 2105 Aditus
866 2076 969 2119 ergo
995 2061 1037 2101 in
1063 2059 1214 2102 itinere
1235 2075 1257 2102 a
1280 2058 1431 2119 legatis
1452 2058 1703 2119 amplissimi
1727 2078 1799 2104 or-

443 2137 582 2192 dinis,
617 2148 665 2181 ut
697 2147 958 2193 maturaret,
994 2138 1246 2193 orantibus,
1280 2155 1409 2198 quam
1448 2140 1634 2183 maxima
1666 2157 1771 2184 voce
1792 2175 1803 2197 ,

443 2236 462 2257 «
484 2218 668 2261 Veniam
687 2252 698 2274 ,
730 2218 897 2277 inquit,
923 2219 1092 2261 veniam
1110 2252 1121 2274 ,
1155 2228 1196 2261 et
1223 2219 1293 2261 liic
1327 2235 1493 2262 mecum
1511 2253 1522 2273 ,
1545 2239 1565 2260 »
1598 2219 1802 2280 capulum

444 2295 572 2356 gladii
600 2297 751 2340 crebro
788 2297 1046 2351 verberans,
1083 2313 1169 2357 quo
1206 2298 1373 2341 cinctus
1408 2307 1510 2341 erat.
1546 2299 1692 2342 Edixit
1731 2309 1804 2354 et,

442 2395 463 2416 «
486 2377 642 2419 reverti
667 2393 732 2432 se,
755 2376 829 2420 sed
853 2377 903 2420 iis
932 2386 1126 2433 tantuin,
1155 2378 1228 2436 qui
1260 2387 1486 2436 optarent,
1512 2379 1697 2437 equestri
1727 2395 1798 2422 or-

443 2455 535 2498 dini
563 2465 605 2499 et
637 2456 800 2517 populo
826 2474 835 2500 :
863 2473 962 2500 nam
990 2473 1032 2499 se
1062 2473 1201 2515 neque
1226 2458 1364 2500 civem
1394 2474 1533 2517 neque
1560 2459 1799 2518 principem

443 2537 611 2579 senatui
636 2536 821 2596 amplius
849 2536 953 2580 fore.
976 2556 995 2576 n
1019 2536 1171 2580 Vetuit
1204 2537 1356 2591 etiam,
1387 2554 1644 2597 quemquam
1677 2553 1800 2580 sena-

446 2624 588 2658 torum
615 2616 695 2658 sibi
726 2632 954 2659 occurrere
981 2632 989 2657 ε
1019 2624 1148 2673 atque
1176 2616 1359 2670 omisso,
1389 2616 1453 2660 vel
1485 2615 1617 2659 dilato
1646 2617 1800 2660 trium-
