1988 3439
637 271 672 304 C.
699 273 873 310 JULIUs
896 275 1073 314 CAESAR.
1492 296 1535 330 ¹9

167 347 322 393 ‹lisium
348 352 544 407 tetendit,
563 370 649 412 quo
670 355 868 400 consules
890 360 1206 421 Pompeiusque
1227 366 1532 427 confugerant,

166 431 485 490 quamprimum
512 433 844 479 transfretaturi.
868 440 957 483 Hos
984 439 1144 485 frustra
1167 459 1245 502 per
1268 461 1416 491 omnes
1440 466 1532 492 mooe

164 524 231 551 ras
268 511 383 553 exitu
422 510 652 570 prohibere
693 525 899 573 conatus,
937 521 1120 563 Romam
1160 522 1241 566 iter
1280 529 1530 572 convertit:

161 588 472 650 appellatisque
504 590 555 634 de
586 592 810 654 republica
839 598 1061 656 patribus,
1093 599 1374 648 validissimas
1402 607 1530 651 Pom-

162 669 244 728 peii
283 670 453 730 copias,
494 687 590 732 quae
633 674 713 717 suh
754 676 892 719 tribus
932 677 1107 739 legatiS,
1148 683 1210 725 M.
1254 685 1448 742 Petreio,
1491 697 1534 731 et

158 750 208 791 L.
240 747 442 806 Afranio,
469 760 511 794 et
541 753 602 795 M.
637 755 834 799 Varrone
862 757 905 800 in
938 759 1146 820 Hispania
1173 772 1321 819 erant,
1350 765 1530 823 invasit3

158 827 375 887 professus
415 840 515 875 ante
556 832 670 877 inter
710 851 837 891 suos,
878 838 938 882 ire
978 855 1024 883 se
1063 840 1129 884 ad
1161 844 1399 888 exercitam
1440 847 1532 891 sine

154 906 289 962 duce,
325 918 365 953 et
401 911 502 955 inde
533 929 801 958 reversurum
833 917 901 960 acl
928 918 1080 964 ducem
1111 923 1205 966 sine
1237 925 1442 970 exercita.
1475 929 1531 971 Et

154 1003 404 1048 quanquam
432 990 657 1036 obsidione
682 995 906 1051 Massiliae,
935 1014 1030 1058 quae
1057 1000 1137 1044 sibi
1165 1002 1208 1044 in
1246 1003 1398 1048 itinere
1427 1022 1530 1065 por-

152 1075 217 1111 tas
239 1066 474 1125 clauserat,
502 1087 758 1134 summaque
782 1075 1075 1123 frumentariae
1095 1082 1156 1124 rei
1181 1085 1365 1142 penuria
1390 1094 1527 1130 retar-

151 1145 306 1204 dante,
332 1149 452 1193 brevi
480 1160 622 1196 tamen
650 1156 796 1198 omnia
823 1157 1003 1218 subegit.

211 1230 393 1273 XXXV.
430 1232 543 1275 Hinc
580 1234 685 1276 urbe
720 1237 927 1296 repetita,
967 1240 1008 1281 in
1045 1241 1348 1286 Macedoniam
1386 1254 1527 1290 trans-

150 1324 344 1368 gressus,
370 1312 650 1371 Pompeium,
677 1330 752 1373 per
776 1327 966 1374 quatuor
990 1336 1111 1379 poene
1138 1339 1304 1367 menses
1329 1327 1526 1371 maximis

147 1387 368 1432 obsessum
413 1392 616 1450 operibus
635 1427 646 1447 ,
693 1393 746 1436 ad
791 1405 1033 1441 extremum
1080 1401 1328 1446 Pharsalico
1372 1406 1524 1464 proelio

147 1466 258 1511 fudit
290 1484 299 1511 :
332 1478 373 1512 et
407 1469 646 1530 fugientem
677 1472 987 1520 Alexandriam
1020 1491 1301 1538 persecutus,
1333 1493 1381 1526 ut
1411 1486 1523 1528 occi-

144 1563 241 1590 sum
267 1547 574 1609 deprehendit,
601 1568 700 1596 cum
726 1553 958 1600 Ptolemaeo
988 1574 1112 1619 rege,
1138 1577 1162 1603 a
1189 1578 1278 1621 quo
1303 1563 1382 1606 sibi
1411 1581 1521 1625 quo-

142 1644 227 1688 que
264 1628 439 1674 insidias
476 1632 595 1676 tendi
635 1634 832 1691 videbat,
875 1636 1039 1682 bellum
1079 1657 1180 1684 sane
1216 1642 1520 1688 difficillimum

141 1709 293 1768 gessit3
334 1727 472 1771 neque
510 1711 632 1768 loco,
672 1732 810 1775 neque
845 1726 1042 1779 tempore
1079 1738 1230 1781 aequo,
1269 1724 1341 1767 scd
1379 1725 1520 1769 hieme

139 1789 262 1844 anni,
284 1799 325 1832 et
350 1791 461 1834 intra
483 1794 639 1837 moenia
662 1797 948 1855 copiosissimi
974 1816 1023 1842 ac
1049 1800 1333 1846 sollertissimi
1360 1805 1518 1859 hostis,

139 1868 264 1929 inops
298 1870 388 1930 ipse
423 1888 569 1916 rerum
602 1877 829 1931 omnium,
860 1888 991 1938 atque
1029 1882 1279 1942 imparatus.
1316 1887 1517 1946 Regnum

141 1949 309 2010 AEgypti
335 1951 474 1995 victor
494 1952 736 2014 Cleopatrae
759 1956 969 2019 fratrique
994 1962 1085 2020 ejus
1106 1963 1263 2006 minori
1287 1967 1479 2025 permisit
1507 1984 1515 2009 :

138 2029 302 2073 veritus
335 2033 604 2091 provinciam
639 2034 802 2093 facere,
836 2056 888 2082 ne
921 2041 1185 2101 quandoque
1217 2043 1518 2090 violentiorem

136 2109 360 2168 praesidem
406 2124 557 2171 nacta,
602 2132 818 2161 novarum
864 2136 1011 2163 rerum
1057 2124 1236 2166 materia
1281 2135 1403 2169 esset.
1449 2127 1516 2170 Ab

136 2186 398 2234 Alexandria
427 2193 470 2236 in
497 2196 664 2254 Syriam
682 2231 692 2251 ,
721 2208 761 2241 et
790 2199 889 2243 inde
914 2203 1105 2245 Pontum
1134 2205 1332 2260 transiit,
1360 2222 1517 2268 urgen-

136 2267 252 2311 tibus
284 2268 337 2312 de
367 2272 591 2317 Pharnace
627 2279 790 2321 nuntiis
824 2297 833 2322 ε
870 2297 1025 2339 quem,
1058 2283 1329 2328 Mithridatis
1364 2288 1514 2347 Magni

135 2345 271 2391 fllium
288 2383 298 2403 ‚
325 2366 374 2393 ac
396 2359 501 2394 tunc
530 2356 756 2399 occasione
783 2367 1029 2419 temporum
1059 2361 1317 2420 bellantem,
1338 2357 1515 2426 jamque

135 2426 364 2488 multiplici
399 2447 598 2475 successu
636 2435 942 2494 praeferocem,
976 2441 1087 2484 iutra
1120 2445 1347 2501 quintum,
1383 2463 1513 2505 quam

133 2506 353 2562 adfuerat,
383 2509 522 2565 diem,
551 2524 765 2572 quatuor,
795 2518 953 2576 quibus
983 2521 1024 2563 iu
1060 2533 1341 2582 conspectum
1370 2527 1513 2580 venit,

134 2587 250 2631 horis
267 2623 278 2643 ‚
306 2605 391 2632 uua
419 2591 664 2653 profligavit
690 2597 806 2651 acie;
833 2600 985 2643 crebro
1011 2618 1357 2646 commemorans
1382 2606 1511 2647 Pom-

134 2668 217 2727 peii
240 2667 509 2728 felicitatem,
532 2674 601 2716 cui
627 2677 843 2736 praecipua
864 2678 1025 2724 militiae
1049 2680 1141 2724 laus
1163 2682 1216 2725 de
1237 2693 1324 2726 tam
1350 2683 1510 2727 imbelli

1277 2780 1315 2805 2.
