1971 3342
389 254 461 292 214
928 250 965 284 C.
996 250 1227 286 SUETONH

387 333 577 377 hementi
595 333 740 377 Circio
759 333 824 376 bis
846 349 966 393 paene
988 333 1210 378 demersus
1235 343 1320 390 est,
1349 350 1486 394 prope
1510 335 1759 395 Liguriam,

380 414 594 474 juxtaque
620 413 870 458 Stoechadas
894 413 1068 458 insulas.
1097 416 1267 472 Quare,
1291 432 1314 458 a
1337 413 1532 458 Massilia
1555 416 1760 460 Gesoria-

385 510 484 537 cum
518 511 655 554 usque
688 494 878 555 pedestri
913 495 1066 538 itinere
1095 495 1314 550 confecto,
1355 494 1454 538 inde
1491 495 1757 538 transmisit:

383 590 433 617 ac
459 574 551 617 sine
577 573 666 618 ullo
692 573 846 634 proelio
870 584 946 617 aut
973 575 1183 635 sanguine
1214 576 1328 618 intra
1361 575 1642 636 paucissimos
1670 574 1760 618 dics

383 664 507 714 parte
536 654 689 698 insulae
722 655 767 698 in
798 654 1066 698 deditionem
1091 666 1282 716 recepta,
1311 665 1455 712 sexto,
1493 672 1626 715 quam
1658 672 1759 716 pro-

384 734 518 778 fectus
540 744 652 791 erat,
672 751 820 778 mense
846 737 1031 779 Romam
1056 735 1206 791 rediit,
1231 736 1604 796 triumphavitque
1625 736 1761 779 maxi-

385 831 455 858 1no
479 824 707 875 apparatu.
732 815 800 859 Ad
819 815 944 875 cujus
960 815 1258 875 spectaculum
1274 832 1516 859 commeare
1531 816 1575 858 in
1592 816 1757 860 Urbem

383 911 472 938 non
510 894 650 938 solum
685 895 940 956 praesidibus
979 896 1305 956 provinciarum
1342 897 1560 957 permisit,
1606 913 1757 939 verum

382 975 512 1017 etiam
539 974 760 1018 exsulibus
786 975 1074 1035 quibusdam,
1099 986 1229 1036 atque
1260 977 1371 1019 inter
1392 975 1563 1019 hostilia
1592 975 1727 1036 spolia
1746 1012 1757 1032 ,

382 1053 579 1099 navalem
606 1072 812 1099 coronam
834 1056 1005 1117 fastigio
1032 1056 1232 1116 palatinae
1253 1057 1408 1099 domus
1427 1057 1550 1116 juxta
1576 1057 1756 1100 civicam

381 1133 495 1190 fixit,
532 1137 700 1196 trajecti
739 1145 781 1179 et
811 1137 933 1196 quasi
968 1136 1120 1179 domiti
1156 1137 1322 1179 Oceani
1353 1137 1534 1197 insigne.
1563 1138 1757 1180 Currum

381 1214 473 1272 ejus
519 1214 756 1258 Messalina
799 1232 908 1259 uxor
954 1225 1163 1276 carpento
1215 1225 1362 1259 secuta
1403 1225 1478 1259 est.
1527 1216 1674 1260 Secuti
1715 1226 1757 1258 et

380 1294 664 1355 triumphalia
691 1305 951 1339 ornamenta
985 1295 1138 1340 eodem
1169 1295 1283 1339 bello
1314 1295 1486 1357 adepti,
1519 1295 1594 1340 sed
1625 1296 1757 1340 ceteri

380 1374 564 1435 pedibus
592 1385 634 1419 et
657 1377 701 1419 in
726 1385 962 1436 praetexta3
988 1377 1168 1420 Crassus
1198 1377 1332 1436 Frugi
1362 1392 1475 1435 equo
1503 1375 1726 1436 phalerato
1743 1411 1755 1431 ,

378 1463 421 1496 et
444 1454 488 1497 in
508 1465 623 1498 veste
648 1455 857 1516 palmata,
880 1455 998 1515 quod
1018 1472 1118 1499 eum
1141 1455 1354 1498 honorem
1378 1457 1622 1499 iteraverat.

443 1536 588 1579 XVII]
613 1545 655 1578 et
675 1538 795 1579 XIX.
824 1536 957 1579 Urbis
977 1551 1249 1595 annonaeque
1271 1552 1420 1579 curam
1447 1534 1753 1579 sollicitissime

379 1630 548 1674 semper
571 1617 672 1675 egit.
710 1616 859 1672 Quum
885 1614 1114 1659 AEmiliana
1142 1615 1406 1676 pertinacius
1435 1614 1668 1670 arderent,
1706 1616 1752 1658 in

378 1694 622 1738 diribitorio
639 1695 807 1739 duabus
830 1696 1031 1740 noctibus
1050 1696 1232 1739 mansit:
1254 1711 1302 1738 ac
1318 1694 1544 1738 deficiente
1562 1694 1752 1738 militum

376 1790 425 1818 ac
445 1774 709 1818 familiarum
734 1776 883 1832 turba,
910 1775 1070 1819 auxilio
1097 1774 1268 1836 plebem
1293 1792 1370 1835 per
1396 1775 1678 1835 magistratus
1701 1791 1751 1818 ex

376 1855 578 1898 omnibus
604 1856 709 1899 vicis
736 1856 1017 1912 coilvocavi23
1040 1872 1109 1911 ac,
1134 1856 1286 1916 positis
1310 1864 1409 1898 ante
1429 1871 1473 1898 se
1494 1871 1593 1898 cum
1621 1871 1752 1914 pecu-

376 1934 447 1976 nia
467 1933 604 1990 fiscis,
634 1934 689 1978 ad
722 1934 1069 1979 subveniendum
1097 1935 1294 1979 hortatus
1320 1945 1404 1990 est,
1435 1943 1750 1994 repraesentans

374 2029 454 2072 pro
474 2029 607 2073 opera
631 2013 807 2075 dignam
834 2015 993 2073 cuique
1014 2013 1272 2057 mercedem.
1293 2014 1491 2058 Arctiore
1509 2022 1653 2056 autem
1673 2030 1752 2056 an-

375 2108 490 2135 nona
513 2092 569 2136 ob
596 2093 789 2136 assiduas
819 2092 1084 2149 sterilitates,
1119 2092 1321 2136 detentus
1352 2092 1574 2152 quondam
1605 2092 1748 2136 medio

373 2173 486 2214 Foro
518 2188 542 2214 a
574 2172 725 2228 turba,
754 2173 1045 2232 conviciisque
1070 2182 1112 2216 et
1143 2172 1272 2216 simul
1306 2172 1591 2233 fragminibus
1625 2174 1747 2233 panis

374 2251 433 2293 ita
458 2251 699 2306 infestatus,
725 2262 773 2296 ut
798 2269 924 2313 aegre,
951 2270 1029 2297 nee
1054 2253 1135 2296 nisi
1154 2254 1337 2313 postico,
1357 2252 1538 2297 evadere
1561 2254 1604 2296 in
1630 2252 1746 2313 pala-

373 2334 481 2373 tium
505 2330 701 2387 valuerit,
720 2332 824 2375 nihil
851 2350 936 2376 non
961 2351 1012 2376 cx
1032 2350 1083 2376 eo
1106 2334 1367 2395 excogitavit
1389 2333 1443 2376 ad
1479 2332 1746 2376 invehendos

372 2412 501 2454 etiam
534 2413 577 2454 in
609 2422 806 2473 tempore
830 2414 1012 2456 hiberno
1034 2423 1313 2457 commeatus.
1342 2415 1457 2458 Nam
1481 2423 1523 2456 et
1552 2413 1745 2473 negotia-

373 2492 540 2535 toribus
562 2502 677 2535 ccrta
705 2492 822 2536 lucra
845 2495 1098 2554 proposuit,
1131 2503 1333 2554 suscepto
1361 2495 1404 2537 in
1433 2510 1477 2537 se
1500 2494 1684 2549 damno,
1710 2493 1746 2535 si

375 2573 442 2613 cui
471 2572 576 2631 quid
600 2589 677 2633 per
700 2583 976 2634 tempestates
998 2573 1242 2629 accidisset,
1270 2584 1312 2617 et
1340 2590 1468 2617 naves
1487 2581 1739 2617 mercatura}

374 2667 500 2693 causa
547 2652 858 2697 fabricantibus
905 2670 1061 2713 magna
1105 2653 1331 2696 commoda
1370 2653 1616 2709 constituit,
1663 2669 1744 2712 pro
