1988 3439
659 273 696 307 e.
721 272 892 308 sumus
916 272 1098 308 CAEsAR.
1519 279 1565 326 39

187 357 420 402 duceretur
447 356 501 400 ad
530 354 722 413 Sullam,
753 356 823 399 vix
853 356 1032 417 praemio
1064 355 1167 401 dato
1197 370 1416 418 evaserat,
1446 378 1561 406 nun-

186 455 317 499 quam
345 454 500 482 nocere
527 437 746 481 sustinuit.
781 434 1109 494 Philemonem,
1142 453 1165 481 a
1194 454 1328 482 manu
1363 457 1564 497 servum,

185 521 259 579 qui
284 535 431 563 necem
459 534 581 563 suam
606 534 683 578 per
708 533 926 561 venenum
952 518 1136 562 inimicis
1162 520 1447 580 promiserat,
1475 539 1562 567 non

183 600 357 661 gravius
394 617 525 661 quam
563 599 749 662 simplici
784 609 925 643 morte
963 600 1119 662 puniit.
1159 602 1209 643 In
1245 603 1292 645 P.
1331 599 1563 658 Clodium,

182 681 398 742 Pompeiae
422 682 570 724 uxoris
596 697 683 724 suae
709 679 956 724 adulterum
973 715 984 737 ,
1011 690 1144 742 atque
1170 680 1319 725 eadem
1351 680 1404 724 de
1435 699 1564 728 causa

180 760 450 822 pollutarum
479 761 828 807 caerimoniarum
853 779 976 806 reum
993 797 1004 819 ,
1030 762 1153 806 testis
1178 763 1363 819 citatus,
1390 765 1564 824 negavit

180 858 224 886 se
249 842 488 903 quidquam
516 843 801 904 comperisse3
828 843 1026 904 quamvis
1056 852 1098 887 et
1123 852 1261 886 mater
1287 842 1464 887 Aurelia
1481 878 1492 900 ,
1521 855 1563 888 et

178 939 302 967 soror
330 922 473 980 Julia,
507 923 624 985 apud
656 923 830 968 eosdem
863 924 1031 985 judices
1064 925 1212 967 omnia
1244 940 1297 967 ex
1326 922 1411 967 fide
1442 935 1561 969 retu·

178 1002 326 1048 lissent
348 1021 356 1047 :
380 1005 780 1066 interrogatusque,
806 1021 886 1048 cur
907 1005 1042 1066 igitur
1063 1003 1332 1066 repudiasset
1358 1021 1560 1062 uxorem,

177 1086 454 1143 «Quoniam,
483 1087 645 1145 inquit,
673 1103 790 1130 meos
816 1096 904 1129 tam
927 1087 1175 1146 suspicione
1201 1102 1334 1146 quam
1357 1087 1560 1144 crimine,

173 1166 322 1226 judico
348 1183 494 1211 carere
520 1177 774 1227 oportere.»

241 1249 420 1291 LXXV.
458 1247 809 1291 Moderationem
835 1263 937 1290 vcro
967 1247 1330 1308 clementiamque
1355 1263 1489 1308 quum
1517 1250 1559 1292 in

175 1327 578 1382 administratione,
607 1337 698 1370 tum
727 1329 769 1370 in
800 1329 981 1371 victoria
1009 1327 1109 1371 belli
1137 1327 1294 1384 civilis,
1322 1328 1557 1372 admirabi-

175 1406 257 1450 lem
295 1407 503 1451 exhibuit.
548 1408 846 1451 Denuntiante
885 1408 1123 1467 Pompeio,
1162 1424 1243 1467 pro
1281 1408 1478 1451 hostibus
1516 1426 1559 1452 se

172 1487 452 1543 habiturum,
489 1488 563 1547 qui
600 1485 851 1547 reipublicae
887 1486 1150 1541 defuissent3
1190 1486 1280 1546 ipse
1316 1486 1480 1531 medios
1516 1498 1558 1531 et

173 1569 368 1612 neutrius
393 1568 549 1629 partis,
576 1584 756 1612 suorum
783 1568 865 1612 sibi
891 1584 1076 1612 numero
1101 1567 1274 1611 futuros
1297 1569 1557 1628 pronuntia-

172 1650 246 1694 vit.
281 1650 456 1708 Quibus
487 1659 632 1693 autem
665 1667 717 1694 ex
744 1650 1124 1694 commendatione
1155 1649 1350 1710 Pompeii
1382 1649 1555 1695 ordines

171 1729 372 1788 dederat,
406 1740 663 1792 potestatem
694 1731 949 1776 transeundi
983 1730 1038 1775 ad
1071 1748 1171 1775 eum
1204 1731 1409 1774 omnibus
1441 1730 1554 1775 fecit.

170 1812 304 1855 Motis
324 1812 439 1872 apud
458 1811 644 1856 Ilerdam
661 1812 892 1856 deditionis
911 1811 1256 1868 conditionibus,
1273 1828 1431 1872 quum,
1450 1811 1555 1855 assi-

171 1891 259 1936 duo
287 1893 399 1936 inter
432 1902 638 1953 utrasque
666 1903 808 1953 partes
838 1910 919 1937 usu
953 1903 1082 1954 atque
1111 1893 1399 1948 commercio,
1427 1891 1553 1936 Afra-

174 1975 269 2018 nius
291 1990 341 2017 ac
362 1975 559 2017 Petreius
582 1973 874 2034 deprehensos
899 1975 1013 2017 intra
1035 1983 1175 2017 castra
1195 1972 1390 2017 Julianos
1413 1973 1554 2016 subita

170 2054 422 2114 poenitentia
447 2053 786 2109 interfecissent,
815 2053 1046 2098 admissam
1077 2055 1119 2097 in
1147 2070 1189 2097 se
1213 2053 1438 2114 perfidiam
1465 2069 1552 2096 non

171 2134 376 2178 sustinuit
401 2135 574 2179 imitari.
599 2136 702 2180 Acie
724 2134 972 2179 Pharsalica
993 2132 1299 2196 proclamavit,
1325 2142 1370 2178 ut
1393 2132 1554 2177 civibus

168 2224 421 2274 parceretur
455 2232 466 2258 :
507 2215 796 2276 deincepsque
838 2215 1000 2259 nemini
1043 2232 1131 2258 non
1174 2230 1352 2258 suorum
1371 2248 1382 2270 ,
1424 2229 1551 2273 quem

170 2292 296 2337 vellet
323 2311 458 2337 unum
488 2296 622 2355 partis
649 2295 838 2339 adversae
866 2312 1063 2352 servare,
1090 2295 1302 2339 concessit
1332 2311 1340 2337 :
1368 2310 1448 2338 nec
1476 2292 1552 2337 ulli

170 2374 330 2434 perisse
364 2375 443 2418 nisi
490 2375 530 2417 in
573 2373 725 2435 proelio
766 2377 1068 2435 reperiuntur,
1107 2377 1294 2436 exceptis
1339 2375 1552 2419 duntaxat

171 2454 350 2498 Afranio
376 2465 418 2498 et
444 2458 628 2510 Fausto,
657 2465 697 2498 et
723 2457 770 2497 L.
799 2458 966 2499 Caesare
988 2456 1172 2515 juvene3
1199 2472 1247 2499 ac
1273 2473 1326 2498 ne
1352 2456 1429 2498 bos
1455 2455 1551 2514 qui-

170 2533 265 2578 dem
282 2534 504 2579 voluntate
528 2536 662 2597 ipsius
685 2536 968 2596 interemptos
993 2545 1149 2596 putant
1168 2553 1176 2578 :
1197 2552 1382 2595 quorum
1404 2545 1547 2578 tamen

171 2625 211 2658 et
252 2616 416 2677 priores
459 2610 555 2676 post
598 2618 870 2676 impetratam
915 2617 1081 2659 veniam
1126 2613 1437 2658 rebellaverant
1459 2631 1470 2669 3
1507 2625 1543 2658 et

173 2698 339 2752 Caesar,
381 2696 542 2740 libertis
583 2699 800 2757 servisque
839 2697 928 2756 ejus
969 2696 1081 2739 ferro
1122 2706 1157 2738 ct
1202 2697 1286 2756 igni
1328 2694 1543 2739 crudelem
