1988 3439
568 252 814 289 OCTAVIUS
843 252 1110 288 AUGUSTUS.
1479 252 1500 288 6
1513 266 1522 288 1

218 333 339 380 XIX.
376 334 608 381 Tumultus
638 345 735 397 post
767 335 884 392 haec,
913 345 957 380 et,
984 352 1131 380 rerum
1160 352 1369 380 novarum
1404 338 1529 380 initia

154 417 565 477 conjurationesque
599 416 868 478 complures,
900 416 1155 478 priusquam
1189 416 1529 471 invalescerent,

155 495 317 541 indicio
346 496 533 541 detectas
561 498 839 558 compressit,
867 495 971 541 alias
996 496 1080 540 alio
1110 507 1306 558 tempore
1337 514 1346 540 :
1378 497 1530 558 Lepidi

150 575 347 635 juvenis,
376 575 532 621 deinde
559 578 770 622 Varronis
798 579 998 622 Murenae
1029 587 1072 621 et
1104 578 1259 621 Fannii
1291 577 1532 637 Caepionis,

155 672 255 700 mox
277 658 340 701 M.
366 657 562 719 Egnatii,
592 658 691 702 exin
714 657 874 702 Plautii
901 657 1023 714 Rufi,
1048 657 1260 718 Luciique
1281 655 1407 700 Pauli
1431 674 1534 718 pro-

155 737 300 797 generi
319 738 385 782 sui
405 755 414 781 :
433 754 482 782 ac
499 748 657 800 praeter
675 738 752 783 has
770 741 821 783 L.
842 738 1040 795 Audasii,
1059 737 1265 782 falsarum
1286 735 1533 781 tabularum

154 818 236 873 rei,
263 834 313 862 ac
338 834 480 879 neque
505 828 650 876 aetate,
676 835 816 880 neque
839 835 1023 881 corpore
1047 819 1207 880 integri
1233 836 1241 862 :
1268 819 1369 862 item
1396 819 1535 862 Asinii

155 898 366 959 Epicadi,
400 915 452 943 ex
488 909 616 960 gente
650 901 886 956 Parthina,
921 899 1116 962 hybridae
1153 917 1162 943 ε
1200 899 1255 943 ad
1291 910 1536 943 extremum

153 978 353 1040 Telephi,
381 979 575 1025 mulieris
605 982 718 1025 servi
746 980 1130 1025 nomenculatoris.
1156 981 1272 1025 Nam
1297 996 1350 1024 ne
1374 978 1537 1023 ultimae

154 1058 330 1120 quidem
353 1061 482 1105 sortis
503 1061 734 1106 hominum
757 1062 1082 1124 conspiratione
1103 1071 1144 1105 et
1164 1060 1358 1122 periculo
1380 1061 1535 1105 caruit.

155 1139 370 1185 Audasius
394 1150 525 1202 atque
548 1142 766 1203 Epicadus
788 1142 949 1187 Juliam
975 1141 1109 1186 filiam
1132 1152 1176 1186 et
1198 1143 1439 1203 Agrippam
1466 1158 1539 1185 ne-

156 1231 302 1282 potem
322 1239 375 1266 ex
399 1222 571 1280 insulis,
597 1224 756 1284 quibus
779 1225 1142 1277 continebantur,
1164 1239 1318 1284 rapere
1343 1222 1396 1266 ad
1419 1238 1539 1266 exer-

155 1303 291 1358 citus;
320 1302 558 1364 Telephus,
588 1305 711 1364 quasi
741 1304 885 1348 debita
915 1305 994 1348 sibi
1027 1303 1117 1348 fato
1148 1303 1469 1358 dominatione,
1496 1312 1539 1346 et

157 1382 300 1444 ipsum
321 1393 363 1427 et
383 1392 582 1427 senatum
606 1383 784 1444 aggredi
804 1383 1091 1428 destinarant.
1110 1385 1233 1440 Quin
1254 1384 1384 1426 etiam
1403 1400 1540 1443 quon·

156 1462 256 1507 dam
276 1463 403 1525 juxta
429 1462 682 1508 cubiculum
707 1465 799 1526 ejus
826 1463 910 1508 lixa
937 1463 1117 1524 quidam
1141 1479 1192 1508 ex
1221 1461 1397 1524 Illyrico
1421 1479 1540 1506 exer-

155 1544 266 1601 citu,
287 1545 552 1606 janitoribus
576 1545 788 1607 deceptis,
813 1554 947 1589 noctu
971 1544 1268 1606 deprehensus
1293 1553 1375 1601 est,
1397 1542 1540 1587 cultro

156 1627 384 1670 venatorio
411 1627 602 1682 cinctus;
625 1627 824 1688 imposne
849 1626 1030 1683 mentis,
1056 1642 1111 1669 an
1135 1623 1338 1669 simulata
1364 1624 1540 1668 demen-

157 1706 236 1762 tia,
256 1706 493 1762 incertum3
512 1707 622 1751 nihil
643 1708 761 1752 enim
778 1708 962 1769 exprimi
980 1707 1219 1767 quaestione
1236 1706 1394 1766 potuit.

219 1789 320 1831 XX.
356 1789 549 1832 Externa
567 1786 681 1831 bella
703 1787 790 1832 duo
811 1788 991 1832 omnino
1012 1804 1090 1848 per
1107 1803 1151 1831 se
1170 1787 1301 1848 gessit
1327 1803 1336 1829 :
1363 1784 1541 1830 Dalma-

156 1866 321 1922 ticum,
344 1866 597 1912 adolescens
633 1867 806 1923 adhuc3
835 1877 900 1925 et,
929 1868 1121 1913 Antonio
1150 1867 1350 1923 devicto,
1383 1868 1543 1911 Canta-

157 1947 343 1992 bricum.
385 1947 632 1992 Dalmatico
676 1949 805 1992 etiam
847 1947 1030 1992 vulnera
1065 1949 1260 2009 excepit3
1296 1964 1385 1991 una
1425 1947 1514 1990 acie
1530 1982 1540 1998 ‚

158 2027 362 2072 dextrum
389 2045 504 2091 genu
528 2026 671 2089 lapide
695 2029 834 2083 ictus;
863 2026 997 2072 altera
1013 2062 1024 2084 ,
1049 2037 1091 2071 et
1114 2044 1213 2071 crus
1236 2037 1278 2070 et
1303 2037 1543 2088 utrumque

158 2107 387 2153 brachium
407 2109 533 2152 ruina
561 2109 709 2170 pontis
733 2108 1051 2152 consauciatus.
1074 2107 1259 2168 Reliqua
1281 2124 1359 2168 per
1379 2106 1542 2168 legatos

160 2187 506 2244 administravit3
542 2198 590 2233 ut
627 2199 772 2233 tamen
814 2187 1076 2249 quibusdam
1110 2189 1376 2233 Pannonicis
1411 2198 1544 2249 atque

162 2269 435 2325 Germanicis
455 2278 530 2312 aut
553 2270 855 2325 interveniret,
880 2279 956 2313 aut
979 2286 1069 2313 non
1095 2268 1223 2330 longe
1249 2269 1440 2325 abesset,
1464 2272 1546 2313 Ra-

162 2366 371 2401 vennam,
395 2347 463 2392 vel
486 2347 808 2404 Mediolanum,
834 2348 899 2392 vel
920 2348 1164 2409 Aquileiam
1185 2367 1323 2411 usque
1348 2350 1401 2394 ab
1422 2350 1543 2394 Urbe

162 2430 460 2492 progrediens.

226 2513 348 2556 XXI.
380 2511 565 2556 Domuit
596 2520 741 2554 autem
775 2511 933 2571 partim
968 2509 1124 2566 ductu,
1153 2512 1313 2571 partim
1341 2511 1544 2571 auspiciis

165 2591 280 2647 suis,
322 2591 632 2646 Cantabriam,
676 2591 954 2651 Aquitaniam
972 2626 983 2646 ,
1026 2591 1295 2635 Pannoniam
1312 2625 1323 2646 ,
1367 2590 1544 2634 Dalma-

167 2672 270 2715 tiam
297 2688 394 2715 cum
427 2670 600 2732 Illyrico
630 2672 747 2714 omni
781 2689 788 2714 :
818 2672 918 2714 item
951 2672 1158 2723 Raetiam,
1190 2682 1231 2716 et
1264 2670 1515 2716 'Vindelicos
