1988 3439
748 270 991 305 TIBERIUS.
1495 272 1563 316 145

182 355 238 399 lia
259 354 541 400 denariorum
569 355 866 416 praetorianis,
889 355 1009 415 quod
1028 355 1185 415 Sejano
1211 371 1254 399 sc
1278 373 1365 400 non
1389 373 1561 401 accom-

177 437 452 492 1n0dassent3
469 447 512 481 et
529 436 730 497 quaedam
747 452 933 480 munera
955 436 1142 496 Syriacis
1166 435 1428 497 legionibus,
1445 438 1562 499 quod

177 516 280 561 solae
303 517 470 562 nullam
493 517 637 578 Sejani
663 517 898 578 imaginem
920 517 1035 561 inter
1059 518 1180 578 signa
1206 517 1442 562 coluissent
1464 536 1473 562 :
1501 528 1564 562 at-

176 615 262 660 que
289 599 421 643 etiam
455 598 683 642 missiones
715 606 1026 642 veteranorum
1064 598 1308 642 rarissimas
1347 598 1473 654 feeit,
1511 616 1563 642 ex

175 680 297 724 senio
324 688 536 736 mortem,
562 695 613 723 ex
638 688 780 723 morte
808 677 1118 739 compendium
1147 688 1342 740 captans.
1368 680 1436 723 Ne
1459 695 1563 739 pro-

173 760 340 804 vincias
359 758 538 820 quidem
558 757 648 803 ulla
666 757 927 803 liberalitate
946 756 1217 815 sublevavit3
1244 768 1426 820 excepta
1446 760 1562 816 Asia,

173 840 362 901 disjectis
387 849 513 884 terrae
535 849 659 883 motu
688 839 954 883 civitatibus.

234 921 396 964 XLIX.
422 919 694 965 Procedente
707 936 811 964 mox
830 929 1028 980 tempore
1043 921 1174 964 etiam
1191 920 1246 964 ad
1266 921 1443 982 rapinas
1460 937 1563 965 con-

171 1000 302 1044 vertit
331 1000 544 1045 animum.
574 1001 686 1045 Satis
713 1010 912 1057 constat,
940 1003 1020 1046 Cn.
1051 999 1291 1045 Lentulum
1325 1018 1560 1063 augurem,

169 1081 240 1125 eui
262 1097 419 1126 census
441 1082 656 1126 maximus
675 1081 832 1137 suerit,
858 1091 978 1126 metu
999 1091 1041 1125 et
1068 1098 1233 1143 angore
1256 1081 1310 1126 ad
1338 1081 1561 1126 fastidium

171 1163 268 1206 vilae
295 1162 348 1206 ab
373 1179 425 1206 eo
451 1172 622 1219 actum,
651 1173 693 1205 et
725 1171 773 1206 ut
798 1178 852 1206 ne
877 1179 994 1223 quo,
1022 1164 1106 1206 nisi
1136 1164 1229 1224 ipso
1254 1162 1436 1219 herede,
1463 1180 1559 1206 mo-

171 1252 343 1286 reretur
363 1261 372 1286 :
395 1242 732 1286 condemnatam
762 1252 804 1286 et
832 1244 1215 1304 generosissimam
1245 1244 1453 1287 feminam
1478 1246 1560 1287 Le-

170 1322 339 1384 pidam,
362 1324 406 1366 in
433 1324 617 1384 gratiam
640 1322 819 1379 Quirini
846 1322 1091 1367 consularis
1115 1324 1353 1384 praedivitis
1375 1335 1416 1368 et
1439 1325 1559 1380 orbi,

168 1403 244 1464 qui
264 1403 487 1447 dimissam
507 1420 603 1448 eam
627 1421 649 1447 e
675 1404 958 1447 matrimonio
985 1415 1085 1464 post
1107 1406 1364 1449 vicesimum
1390 1422 1557 1449 annum

166 1484 321 1528 veneni
346 1482 454 1527 olim
480 1484 524 1527 in
553 1499 597 1527 se
621 1484 864 1545 comparati
891 1485 1105 1545 arguebat
1125 1501 1133 1527 :
1153 1495 1363 1546 praeterea
1388 1485 1555 1529 Gallia-

166 1581 267 1608 rum
285 1574 328 1608 et
344 1564 658 1625 Hispaniarum
675 1598 686 1619 ,
708 1564 932 1624 Syriaeque
950 1574 994 1608 et
1009 1565 1190 1609 Graeeiae
1211 1565 1433 1626 principes
1457 1583 1559 1609 con-

165 1643 338 1688 fiscatos
366 1645 423 1688 ob
458 1654 547 1688 tam
574 1642 669 1688 leve
695 1654 737 1688 et
765 1654 854 1687 tam
879 1643 1111 1706 impudens
1135 1644 1459 1689 calumniarum
1486 1661 1558 1708 ge—

164 1740 274 1779 nus,
298 1734 349 1768 ut
373 1723 639 1786 quibusdam
666 1741 755 1769 non
777 1723 896 1768 aliud
923 1725 978 1768 sit
1008 1724 1252 1786 objectum,
1278 1742 1411 1786 quam
1438 1726 1558 1786 quod

164 1814 334 1866 partem
349 1805 412 1848 rei
428 1803 653 1848 familiaris
673 1805 717 1848 in
741 1805 925 1866 pecunia
944 1805 1157 1849 haberent
1177 1823 1186 1849 ε
1205 1804 1407 1866 plurimis
1422 1807 1554 1850 etiam

161 1884 412 1928 civitatibus
434 1894 478 1928 et
503 1884 685 1945 privatis
706 1894 873 1928 veteres
894 1886 1216 1942 immunitates,
1245 1895 1286 1929 et
1304 1886 1376 1946 jus
1400 1885 1553 1930 metal-

161 1963 306 2009 lorum
333 1981 383 2009 ac
409 1963 689 2025 vectigalium
714 1965 913 2020 ademta,
944 1964 1017 2009 sed
1047 1975 1088 2009 et
1117 1968 1378 2021 Vononem,
1407 1983 1554 2027 regem

159 2046 449 2101 Parthorum,
476 2047 551 2106 qui
573 2044 724 2107 pulsus
750 2064 774 2090 a
795 2048 884 2090 suis
900 2082 910 2102 ,
933 2047 1056 2106 quasi
1081 2048 1123 2089 in
1149 2046 1279 2090 sidem
1305 2045 1458 2108 populi
1482 2063 1551 2090 ro-

157 2127 276 2170 mani
300 2143 402 2171 cum
430 2127 596 2188 ingenti
622 2143 728 2188 gaza
743 2128 1027 2172 Antiochiam
1044 2143 1088 2170 se
1117 2137 1367 2188 receperat,
1392 2126 1549 2188 spolia-

158 2215 252 2249 tum
279 2205 482 2267 perfidia,
509 2216 551 2249 et
577 2208 786 2250 occisum.

221 2287 272 2329 L.
303 2285 470 2329 Odium
498 2285 710 2329 adversus
733 2287 1078 2331 necessitudines
1107 2288 1151 2331 in
1177 2291 1325 2333 Druso
1356 2290 1549 2349 primum

156 2363 290 2408 fratre
319 2363 510 2420 detexit,
546 2364 721 2426 prodita
748 2366 842 2425 ejus
869 2365 1076 2426 epistola,
1107 2384 1192 2427 qua
1222 2385 1369 2411 secum
1399 2367 1452 2411 de
1481 2385 1551 2411 co-

155 2444 298 2504 gendo
313 2444 369 2488 ad
383 2445 699 2489 restituendam
717 2444 961 2488 libertatem
978 2448 1086 2506 Augfi
1097 2457 1178 2489 isto
1195 2449 1372 2508 agebat;
1390 2447 1549 2490 deinde

156 2533 198 2567 et
224 2526 268 2567 in
301 2524 494 2585 reliquis.
525 2524 649 2569 Juliae
681 2527 806 2569 uxori
844 2536 1017 2569 tantum
1046 2527 1207 2583 abfuit,
1239 2539 1286 2570 ut
1325 2527 1550 2589 relegatae,

157 2605 276 2664 quod
305 2607 534 2649 minimum
564 2617 650 2661 est,
678 2607 813 2650 officii
841 2618 917 2651 aut
950 2608 1237 2651 humanitatis
1272 2607 1437 2668 aliquid
1469 2609 1549 2650 im-

157 2686 361 2747 pertiret,
385 2698 433 2731 ut
456 2705 506 2731 ex
532 2689 848 2732 constitutione
874 2689 1011 2749 patris
1035 2706 1122 2732 uno
1144 2688 1310 2750 oppido
1333 2688 1546 2745 clausam,

345 2784 372 2811 l.
1275 2787 1327 2812 10
