1988 3439
803 236 982 271 GALBA.
1560 241 1601 276 13

198 337 286 364 non
315 319 445 382 longe
478 337 755 382 percussores
783 320 947 364 abesse.
978 319 1110 364 Haud
1140 320 1281 365 multo
1307 334 1408 384 post
1439 342 1602 387 cogno-

199 403 305 459 scit,
338 403 475 446 teneri
506 412 648 446 castra
677 400 732 445 ab
768 401 949 445 Othone
975 419 982 444 :
1012 418 1061 446 ac
1087 400 1337 464 plerisque,
1366 417 1411 449 ut
1444 407 1600 451 eodem

195 488 525 544 quamprimum
559 492 786 544 pergeret,
816 482 1102 528 suadentibus
1125 483 1278 545 (posse
1302 487 1420 530 enim
1452 498 1601 533 aucto-

195 566 325 610 ritate
359 576 402 610 et
442 566 674 628 praesentia
717 563 1008 626 praevalere),
1054 565 1164 609 nihil
1209 565 1428 629 amplius,
1469 585 1600 630 quam

196 647 425 690 continere
461 663 532 702 se,
565 647 746 703 statuit,
780 655 824 689 et
860 644 1208 708 legionariorum
1243 647 1418 693 firmare
1451 651 1600 710 praesi-

195 725 304 784 diis,
332 728 409 788 qui
434 725 721 770 multifariam
746 725 1007 788 diverseque
1032 727 1290 772 tendebant.
1312 730 1519 774 Loricam
1542 741 1603 775 ta-

196 825 297 851 men
328 807 473 853 induit
505 807 713 863 linteam,
746 825 1019 869 quamquam
1043 809 1161 854 haud
1188 808 1471 855 dissimulans
1489 847 1500 866 ‚
1528 829 1602 873 pa-

193 906 292 933 rum
327 888 535 933 adversus
564 899 629 933 tot
664 906 897 934 mucrones
929 889 1226 952 profuturam.
1261 891 1348 936 Sed
1380 902 1601 938 extractus

193 971 449 1016 rumoribus
476 970 617 1027 falsis,
647 989 758 1032 quos
785 973 1048 1033 conspirati,
1080 982 1128 1017 ut
1161 990 1261 1017 eum
1295 974 1338 1018 in
1370 974 1599 1036 publicum

194 1051 425 1109 elicerent,
453 1052 506 1097 de
540 1053 759 1098 industria
785 1053 1077 1116 dissiparant,
1104 1056 1256 1116 paucis
1292 1066 1455 1101 temere
1482 1057 1602 1102 affir-

192 1135 444 1192 mantibus,
474 1145 747 1180 transactum
781 1137 1006 1198 negotium
1029 1172 1040 1193 ,
1069 1154 1302 1199 oppressos
1332 1139 1408 1199 qui
1438 1139 1600 1183 tumul-

193 1226 442 1274 tuarentur,
462 1217 670 1262 advenire
697 1217 949 1279 frequentes
971 1228 1138 1263 ceteros
1165 1218 1538 1280 gratulabundos,
1559 1231 1599 1266 et

194 1301 237 1344 in
262 1316 394 1344 omne
424 1300 690 1361 obsequium
716 1311 918 1362 paratos3
949 1301 1017 1344 his
1050 1313 1097 1345 ut
1126 1313 1402 1360 occurreret,
1433 1303 1599 1364 prodiit

193 1390 315 1425 tanta
342 1380 526 1439 fiducia,
553 1392 601 1426 ut
627 1381 756 1425 militi
781 1382 977 1439 cuidam,
1007 1384 1202 1427 occisum
1231 1401 1254 1428 a
1280 1401 1324 1428 se
1350 1385 1594 1440 Othonem,

193 1461 424 1521 glorianti,
450 1483 470 1504 «
485 1463 588 1520 Quo
607 1473 786 1507 auctore
803 1462 820 1506 9
837 1484 857 1504 »
881 1464 1158 1525 responderit
1183 1483 1191 1508 :
1214 1475 1345 1526 atque
1371 1467 1414 1509 in
1437 1470 1597 1511 Forum

194 1560 334 1605 usque
356 1544 582 1605 processit.
606 1545 674 1589 Ibi
694 1545 882 1606 equites,
902 1546 1062 1607 quibus
1085 1546 1293 1591 mandata
1321 1547 1458 1592 caedes
1484 1560 1599 1604 erat,

192 1643 329 1687 quum
366 1643 446 1688 per
479 1625 736 1688 publicum,
764 1626 930 1671 dimota
962 1645 1240 1690 paganorum
1277 1629 1434 1686 turba,
1465 1646 1601 1691 equos

191 1707 470 1770 adegissent,
498 1709 590 1752 viso
618 1708 774 1770 procul
802 1726 879 1766 eo,
908 1727 1149 1772 parumper
1172 1711 1433 1756 restiterunt
1461 1729 1469 1755 :
1499 1711 1599 1755 dein

191 1806 370 1833 rursum
398 1790 597 1845 incitati,
625 1790 848 1834 desertum
877 1808 901 1834 a
930 1792 1019 1835 suis
1044 1791 1428 1837 contrucidarunt.

259 1873 360 1915 XX.
381 1872 518 1927 Sunt,
545 1871 622 1931 qui
650 1871 851 1929 tradant,
877 1873 931 1916 ad
953 1874 1145 1933 primum
1174 1873 1415 1918 tumultum
1432 1874 1603 1936 procla-

193 1969 334 1997 masse
371 1969 497 2008 eum,
536 1952 691 2010 «Quid
734 1954 890 2015 agitis,
930 1953 1293 1999 commilitones?
1335 1972 1416 2017 ego
1456 1966 1602 1999 vester

195 2052 289 2079 sum
310 2070 320 2090 ,
348 2045 391 2079 et
424 2052 501 2079 vos
529 2036 612 2079 mei
630 2053 640 2091 ;
660 2055 680 2076 ³>
706 2035 966 2079 donativum
994 2037 1126 2080 etiam
1152 2035 1417 2098 pollicitum.
1447 2036 1599 2082 Plures

192 2126 340 2160 autem
382 2115 704 2177 prodiderunt,
737 2116 949 2161 obtulisse
991 2117 1109 2162 ultro
1139 2117 1374 2180 jugulum,
1408 2128 1475 2173 et,
1511 2129 1602 2162 «ut

194 2198 278 2241 hoc
302 2207 507 2259 agerent,
533 2213 583 2241 ac
609 2197 816 2254 ferirent,
843 2198 1022 2259 quando
1053 2200 1112 2243 ita
1140 2199 1380 2256 videretur,
1399 2220 1419 2240 »
1453 2200 1602 2243 horta·

194 2289 303 2323 tum.
332 2277 447 2323 Illud
479 2279 641 2322 mirum
675 2278 916 2322 admodum
950 2279 1107 2335 fuerit,
1136 2298 1279 2342 neque
1314 2282 1598 2343 praesentium

193 2377 459 2422 quemquam
492 2376 622 2422 opem
664 2360 919 2421 imperatori
955 2361 1067 2405 fcrrc
1096 2372 1337 2417 conatum3
1369 2373 1409 2406 ct
1447 2380 1601 2406 omnes

196 2443 271 2502 qui
298 2452 627 2485 arcesserentur
660 2442 876 2502 sprevisse
901 2443 1111 2486 nuncium
1127 2479 1137 2497 ‚
1162 2454 1344 2504 excepta
1368 2444 1602 2489 Germani-

194 2524 425 2568 cianorum
453 2522 850 2579 vexillatioiie.11i,
881 2524 936 2567 ob
965 2541 1116 2568 recens
1150 2526 1379 2581 meritum,
1410 2525 1529 2585 quod
1558 2541 1602 2568 sc

193 2622 334 2666 aegros
358 2615 398 2648 et
424 2604 639 2649 invalidos
659 2622 820 2666 magno
843 2622 974 2667 opcre
1000 2606 1201 2662 fovisset,
1225 2608 1267 2650 in
1295 2606 1508 2651 auxilium
1531 2605 1604 2650 ad-

197 2685 493 2731 volaverunt:
522 2687 594 2730 scd
631 2688 796 2741 serim,
835 2689 990 2731 itincre
1026 2689 1153 2732 devio
1190 2706 1265 2750 pcr
1303 2689 1602 2751 ignorantiam
