1988 3439
647 270 684 305 C.
719 269 889 306 JULIUS
918 273 1096 309 CAESAR.
1537 278 1560 315 5

184 361 279 397 tum
316 354 552 410 diceretur,
587 356 913 416 constitutaque
951 357 1006 400 ad
1045 358 1276 403 arbitrium
1317 361 1566 423 republica,

186 434 317 479 Sullae
342 444 383 479 et
411 435 625 479 Autronio
650 435 900 481 consulatus
923 438 1239 483 restitueretur.
1265 442 1567 488 Meminerunt

185 516 316 576 hujus
367 515 679 575 conjurationis
726 519 942 562 Tanusius
989 520 1204 564 Geminus
1254 521 1299 564 in
1347 523 1564 582 Historia,

183 598 246 640 M.
278 594 457 640 Bibulus
491 596 535 638 in
567 596 756 653 Edit-tis,
794 600 843 642 C.
875 599 1011 645 Curio
1043 610 1167 660 pater
1193 601 1238 644 in
1264 602 1563 648 Orationibus.

182 679 250 720 De
292 676 373 720 hac
413 676 658 737 significare
701 677 875 721 videtur
915 688 957 723 et
1001 681 1157 725 Cicero
1196 681 1241 724 in
1282 682 1472 742 quadam
1511 685 1566 728 ad

180 756 338 800 Axium
375 755 585 817 epistola,
616 757 834 816 referens,
871 760 1092 805 Ccesarem
1124 764 1168 804 in
1200 762 1431 807 consulatu
1460 780 1564 808 con-

169 839 382 892 firmasse
420 853 600 898 regumn
619 873 629 891 ‚
672 838 728 883 de
765 855 852 900 qao
893 840 1040 884 <edilis
1080 842 1310 903 cogitarat.
1348 844 1566 889 Tanusius

179 915 348 976 adjicit,
372 918 597 974 Crassum,
624 919 881 979 poenitentia
904 919 972 964 vel
998 931 1116 965 metu
1132 956 1143 978 ,
1169 922 1283 966 diem
1307 923 1411 967 caedi
1437 923 1566 968 desti-

180 1005 330 1040 natum
361 1014 449 1041 non
484 999 666 1056 obiisse,
699 1009 742 1043 et
778 1000 939 1044 idcirco
972 1018 1025 1045 ne
1057 1003 1272 1046 Caesarem
1303 1004 1480 1064 quidem
1511 1006 1567 1049 si-

179 1093 334 1138 gnum,
360 1078 478 1139 quod
503 1080 556 1123 ab
583 1097 634 1129 eo
659 1080 750 1124 dari
777 1092 1062 1140 convenerat,
1088 1082 1268 1128 dedisse.
1298 1086 1565 1129 Convenisse

180 1167 327 1201 autem
357 1160 492 1203 Curio
519 1161 604 1217 ait,
635 1171 682 1205 ut
711 1172 858 1223 togam
893 1162 945 1206 de
976 1164 1161 1209 humero
1192 1164 1411 1225 dejiceret.
1443 1165 1567 1209 Idem

180 1238 343 1294 Curio,
367 1239 442 1293 sed
466 1248 508 1283 et
531 1243 594 1285 M.
621 1243 826 1287 Actorius
851 1245 995 1301 Naso,
1022 1254 1223 1289 auctores
1246 1255 1371 1303 sunt,
1398 1246 1568 1307 conspi-

180 1335 296 1363 rasse
321 1336 419 1363 eum
447 1321 578 1365 etiam
610 1339 709 1365 cum
743 1325 826 1366 Cn.
861 1325 1020 1368 Pisone
1050 1324 1325 1371 adolescente
1353 1342 1362 1369 :
1388 1327 1484 1383 cui,
1511 1327 1567 1370 ob

180 1400 472 1459 suspicionem
508 1402 684 1446 urbanae
717 1403 1062 1463 conjurationis,
1096 1405 1323 1465 provincia
1357 1407 1569 1466 Hispania

181 1476 298 1523 ultro
322 1489 445 1524 extra
472 1481 672 1526 ordinem
699 1482 799 1527 data
823 1484 898 1540 sit;
925 1494 1210 1546 pactumque,
1237 1495 1284 1532 ut
1310 1485 1438 1531 simul
1463 1485 1568 1530 foris

180 1558 279 1617 ille,
306 1561 398 1622 ipse
427 1565 604 1618 Romae,
634 1563 689 1606 ad
715 1580 781 1608 res
814 1581 948 1615 novas
987 1576 1331 1628 consurgerent,
1358 1583 1436 1627 per
1465 1569 1569 1612 Am-

179 1640 341 1686 bronas
358 1651 400 1686 et
417 1643 751 1705 Transpadanos
774 1662 782 1688 :
805 1645 1062 1693 destitutum
1084 1648 1313 1708 utriusque
1334 1646 1566 1694 consilium

182 1731 321 1766 morte
344 1724 527 1769 Pisonis.

245 1805 299 1847 X.
337 1804 516 1863 AEdilis,
544 1816 700 1868 praeter
725 1807 952 1855 comitium
979 1826 1028 1855 ac
1056 1810 1229 1868 forum,
1255 1810 1567 1873 basilicasque,

181 1885 313 1929 etiam
337 1886 606 1948 Capitolium
627 1892 822 1947 ornavit,
842 1892 1082 1952 porticibus
1103 1892 1157 1936 ad
1180 1902 1351 1954 tempus
1376 1903 1569 1938 exstruc—

181 1966 259 2023 tis,
287 1967 332 2011 in
356 1968 540 2028 quibus,
571 1970 822 2015 abundante
849 1989 996 2016 rerum
1023 1975 1149 2035 copia
1166 2008 1177 2029 ,
1202 1991 1303 2034 pars
1331 1985 1568 2036 apparatus

182 2058 486 2108 exponeretur.
525 2053 793 2096 Venationes
831 2063 978 2097 autem
1018 2053 1233 2114 ludosque
1268 2064 1311 2098 et
1348 2071 1449 2099 cum
1481 2054 1570 2099 col-

181 2126 275 2189 lega
291 2163 302 2185 ,
327 2139 370 2173 et
393 2133 628 2191 separatim
644 2167 656 2188 ,
683 2132 821 2177 edidit
847 2151 857 2177 τ
883 2151 971 2194 quo
996 2134 1160 2178 factum
1186 2144 1275 2192 est,
1302 2145 1350 2179 ut
1374 2151 1571 2179 commu-

182 2208 303 2252 nium
339 2226 515 2270 quoque
552 2212 849 2273 impensarum
881 2214 997 2259 solus
1034 2215 1220 2277 gratiam
1259 2224 1458 2276 caperet3
1490 2232 1570 2259 nec

182 2287 476 2334 dissimularet
498 2290 663 2353 collega
685 2294 777 2353 ejus
800 2297 864 2339 M.
892 2294 1094 2352 Bibulus,
1124 2295 1320 2340 evenisse
1347 2296 1427 2339 sibi
1452 2294 1571 2355 quod

182 2366 365 2412 Polluci.
399 2371 458 2414 Ut
487 2370 602 2414 enim
634 2374 816 2432 geminis
845 2373 1052 2419 fratribus
1079 2375 1189 2419 aedcs
1214 2376 1259 2419 in
1289 2375 1384 2419 foro
1410 2375 1571 2419 consti-

184 2457 304 2504 tuta,
338 2459 505 2494 tantum
540 2453 732 2496 Castoris
765 2463 1023 2509 vocaretur,
1057 2455 1114 2497 ita
1147 2471 1269 2499 suam
1302 2455 1571 2513 Caesarisque

185 2528 557 2588 munificentiam,
583 2533 712 2576 unius
738 2533 917 2577 Caesaris
946 2533 1044 2577 dici.
1073 2534 1244 2594 Adjecit
1272 2535 1451 2593 insuper
1479 2535 1572 2577 (3ae-

184 2624 252 2651 sar
284 2610 412 2653 etiam
446 2609 753 2671 gladiatorium
782 2631 968 2670 munus,
1001 2614 1073 2658 scd
1103 2613 1328 2674 aliquanto
1357 2612 1573 2673 pauciori-

185 2688 286 2746 bus,
312 2707 443 2751 quam
470 2692 786 2751 destinaverat,
813 2696 1006 2755 paribus.
1034 2697 1148 2739 Nam
1173 2710 1309 2754 quum
1337 2691 1569 2753 multiplici
