1971 3342
413 247 485 283 233
911 296 918 300 .
946 249 983 280 c.
1010 247 1239 282 sUETONu

411 330 546 375 multo
586 339 682 390 post
718 329 838 374 duxit
879 345 1055 373 uxorem
1094 328 1318 374 Octaviam
1364 345 1371 371 ε
1421 327 1642 390 ediditque
1687 348 1771 392 pro,

409 411 579 456 Claudii
604 409 740 455 salute
761 410 970 454 circenses
999 418 1039 452 et
1061 411 1348 453 venationem.

469 494 586 537 VIII.
613 491 922 552 Septemdecim
946 500 1070 534 natus
1088 506 1223 534 annos
1239 526 1250 545 ,
1271 500 1319 534 ut
1342 490 1394 534 de
1418 490 1602 535 Claudio
1624 490 1767 552 palam

407 574 565 618 factum
601 582 691 627 est,
716 573 829 615 inter
855 571 1006 614 horam
1035 581 1195 615 sextam
1224 573 1535 632 septimamque
1558 572 1767 632 processit

406 654 460 698 ad
482 655 749 698 excubitores
768 669 779 707 3
801 669 936 713 quum
960 652 1014 695 ob
1040 653 1172 696 totius
1199 652 1282 696 diei
1304 652 1520 696 diritatem
1545 669 1630 696 non
1649 651 1782 696 aliud-

404 732 655 793 auspicandi
695 743 864 793 tempus
896 731 1259 776 accommodatius
1300 732 1518 776 videretur
1554 749 1563 775 :
1598 749 1766 793 proque

406 811 553 873 palatii
572 811 776 873 gradibus
795 812 1030 872 imperator
1051 810 1365 867 consalutatus,
1382 811 1532 855 lectica
1548 812 1590 854 in
1606 820 1767 866 castra,

404 902 445 936 et
471 891 571 935 inde
592 892 750 953 raptim
770 890 994 952 appellatis
1010 890 1218 934 militibus
1236 891 1280 933 in
1303 891 1479 935 Curiam
1497 890 1662 934 delatus
1683 901 1766 947 cst,

404 972 682 1032 discessitque
702 972 791 1031 jam
820 972 986 1031 vesperi
1002 1006 1012 1026 ,
1038 987 1089 1014 ex
1114 971 1352 1025 immensis,
1375 970 1532 1030 quibus
1569 970 1765 1013 cumula-

403 1052 551 1105 batur,
578 1052 842 1105 honoribus,
877 1060 1044 1094 tantum
1079 1051 1213 1111 patris
1252 1050 1400 1110 patriae
1435 1051 1611 1093 nomine
1643 1066 1768 1093 recu-

403 1142 496 1175 sato
512 1166 522 1185 ,
548 1140 725 1191 propter
744 1140 924 1173 aetatem.
1153 1182 1156 1183 ⁷

464 1214 543 1256 IX.
567 1214 702 1255 Orsus
727 1211 829 1254 hinc
852 1226 876 1253 a
895 1209 1069 1271 pietatis
1086 1210 1400 1265 ostentatione,
1423 1207 1682 1267 Claudium,
1700 1227 1770 1272 ap-

404 1291 673 1352 paratissimo
699 1290 851 1334 funere
873 1289 1056 1344 elatum,
1078 1288 1272 1333 laudavit
1296 1291 1664 1350 consecravitque.
1681 1293 1770 1335 Me·

402 1371 549 1414 moriae
583 1370 765 1414 Domitii
798 1370 932 1431 patris
971 1369 1158 1412 honores
1191 1369 1402 1412 maximos
1442 1369 1607 1413 habuit.
1635 1371 1768 1414 Matri

403 1467 613 1494 summam
657 1450 851 1492 omnium
898 1465 1043 1492 rerum
1091 1447 1364 1508 publicarum
1412 1449 1768 1509 privatarumque

403 1530 611 1589 permisit.
633 1529 778 1572 Primo
800 1528 930 1572 etiam
954 1528 1122 1587 imperii
1144 1527 1211 1570 die
1239 1528 1409 1588 signum
1435 1529 1662 1572 excubanti
1688 1529 1763 1572 tri-

403 1608 523 1652 buno
548 1608 665 1652 dedit
689 1628 709 1648 «
729 1608 953 1667 Optimam
979 1617 1163 1650 matrem
1191 1624 1200 1650 :
1223 1625 1243 1647 ›>
1265 1623 1313 1650 ac
1339 1606 1541 1667 deinceps
1572 1607 1764 1667 ejusdem

401 1704 511 1748 saepe
532 1687 683 1731 lectica
705 1704 780 1748 per
794 1686 1016 1747 publicum
1040 1685 1167 1730 simul
1191 1696 1337 1729 vectus
1360 1696 1434 1729 est.
1457 1688 1635 1731 Antium
1653 1686 1767 1731 colo—

402 1768 516 1811 niam
538 1767 741 1821 deduxit,
765 1767 963 1826 ascriptis
991 1765 1204 1809 veteranis
1230 1781 1252 1807 e
1274 1766 1477 1824 praetorio
1494 1799 1504 1819 ,
1523 1764 1767 1825 additisque

399 1863 478 1907 per
519 1845 724 1890 domicilii
766 1845 1090 1889 translationem
1130 1843 1352 1888 ditissimis
1390 1844 1721 1905 primipilarium
1753 1862 1762 1888 ε

398 1927 473 1970 ubi
498 1937 540 1970 et
563 1936 739 1986 portum
762 1926 906 1986 operis
935 1924 1264 1968 sumtuosissimi
1290 1923 1401 1967 fecit.

460 2007 514 2050 X.
552 2008 721 2066 Atque,
750 2015 798 2048 ut
834 2005 1062 2048 certiorem
1093 2002 1236 2045 adhuc
1266 2000 1458 2046 indolem
1490 2002 1763 2060 ostenderet,

396 2102 486 2129 «ex
517 2086 701 2145 Augusti
739 2084 989 2145 praescripto
1030 2080 1344 2141 imperaturum
1380 2098 1487 2135 se,»
1517 2081 1762 2142 professus,

396 2181 536 2224 neque
564 2162 856 2215 liberalitatis,
885 2178 1026 2222 neque
1051 2160 1310 2216 clementiae,
1340 2177 1416 2204 nec
1437 2162 1652 2205 comitatis
1671 2161 1762 2221 qui-

397 2244 493 2288 dem
529 2242 779 2287 exhibendae
810 2241 942 2285 ullam
967 2241 1235 2285 occasionem
1264 2240 1421 2283 omisit.
1449 2242 1662 2285 Graviora
1692 2257 1762 2284 ve-

395 2323 568 2385 ctigalia
605 2333 679 2366 aut
713 2321 925 2376 abolevit,
963 2329 1038 2364 aut
1077 2321 1249 2364 minuit.
1294 2320 1475 2363 Praemia
1520 2319 1759 2363 delatorum

394 2404 535 2464 Papiae
573 2402 675 2464 legis
710 2402 763 2445 ad
806 2411 980 2462 quartas
1003 2400 1179 2460 redegit.
1213 2399 1371 2443 Divisis
1401 2398 1564 2459 populo
1598 2399 1757 2442 viritim

394 2483 701 2543 quadringenis
740 2483 953 2533 nummis,
988 2490 1234 2523 senatorum
1267 2477 1535 2522 nobilissimo
1573 2479 1757 2537 cuique,

396 2562 469 2606 sed
487 2580 508 2606 a
528 2580 573 2606 re
598 2562 797 2606 familiari
815 2561 1043 2615 destituto,
1065 2576 1207 2603 annua
1230 2558 1410 2613 salaria,
1433 2568 1475 2601 ct
1496 2557 1752 2617 quibusdam

396 2642 634 2703 quingena,
658 2642 885 2686 constituit
914 2658 921 2683 :
950 2641 1050 2683 item
1082 2639 1348 2699 praetorianis
1378 2635 1629 2681 cohortibus
1669 2636 1758 2680 fru-
