1971 3342
367 244 439 279 232
749 242 786 276 C.
818 243 1047 278 SUETONII
1078 242 1338 277 CLAUDIUS.

366 328 454 370 tine
482 325 654 382 addito,
686 343 821 385 quum
850 324 968 369 velut
996 326 1253 369 exhaustum
1285 325 1404 368 refici
1437 324 1534 368 cibo
1558 335 1730 387 oporte-

366 417 453 463 ret,
477 422 532 450 an
559 407 751 450 immisso
773 422 849 466 per
874 404 1123 466 clysterem,
1152 415 1200 450 ut
1224 406 1345 466 quasi
1375 404 1644 450 abundantia
1669 405 1728 450 la-

364 488 534 531 boranti
558 487 687 530 etiam
712 486 794 529 hoc
817 501 975 547 genere
998 486 1227 546 egestionis
1252 485 1567 529 subveniretur.

428 568 564 612 XLV.
601 568 722 610 Mors
750 566 842 626 ejus
868 564 1005 609 celata
1031 575 1114 622 est,
1144 565 1280 610 donec
1303 566 1417 610 circa
1439 581 1728 610 successorem

364 646 511 690 omnia
547 646 868 690 ordinarentur.
908 647 1062 705 Itaque
1101 655 1142 689 et
1174 647 1295 706 quasi
1327 663 1406 707 pro
1439 662 1554 707 aegro
1586 645 1729 690 adhuc

363 736 464 769 vota
483 735 684 786 suscepta
705 735 824 780 sunt,
848 736 891 769 et
910 725 1076 769 inducti
1091 742 1168 785 per
1187 725 1507 770 simulationem
1521 725 1728 782 comoedi,

363 808 438 866 qui
464 805 583 849 velut
610 804 924 849 desiderantem
949 804 1232 849 oblectarent.
1261 806 1452 849 Excessit
1477 806 1606 849 tertio
1634 804 1730 849 idus

364 885 573 941 octobris,
619 885 769 929 Asinio
802 884 1034 942 Marcello,
1072 884 1212 929 Acilio
1251 884 1424 942 Aviola,
1455 884 1730 941 consulibus,

364 976 519 1026 quarto
537 976 579 1009 et
597 967 861 1026 sexagesimo
880 966 1015 1009 aetatis
1028 1001 1038 1021 ,
1060 966 1229 1026 imperii
1244 965 1573 1025 quartodecimo
1594 981 1732 1020 anno3

363 1046 674 1106 funeratusque
700 1055 764 1089 est
787 1044 986 1089 sollemni
1014 1046 1263 1105 principum
1292 1061 1471 1105 pompa,
1498 1054 1539 1088 et
1566 1045 1608 1088 in
1646 1061 1727 1088 nu-

363 1142 531 1169 merum
557 1126 736 1168 deorum
760 1125 932 1168 relatus.
959 1127 1101 1182 Quem
1129 1125 1356 1178 honorem,
1372 1142 1395 1168 a
1411 1125 1586 1168 Nerone
1611 1123 1735 1168 desti-

364 1214 507 1248 tutum
536 1204 857 1265 abolitumque,
886 1206 1049 1265 recepit
1076 1221 1176 1247 mox
1199 1220 1278 1265 per
1303 1204 1635 1264 Vespasianum.

426 1287 587 1329 XLVI.
620 1286 832 1345 Praesagia
853 1285 1004 1329 mortis
1023 1285 1115 1345 ejus
1135 1285 1359 1347 praecipua
1383 1283 1563 1328 fuerunt
1585 1302 1594 1328 :
1614 1301 1733 1328 exor-

364 1375 431 1408 tus
473 1366 638 1408 crinitae
682 1364 834 1421 stellae,
867 1381 997 1424 quam
1029 1373 1223 1409 cometen
1261 1375 1452 1408 vocant:
1482 1374 1732 1424 tactumque

364 1446 415 1489 de
435 1444 542 1489 coelo
563 1455 896 1489 monumentum
913 1446 1047 1489 Drusi
1070 1445 1229 1506 patris;
1251 1455 1294 1488 et
1311 1444 1429 1504 quod
1447 1443 1597 1487 eodem
1614 1461 1731 1488 anno

363 1542 414 1568 cx
434 1527 632 1569 omnium
653 1527 986 1586 magistratuum
1013 1541 1170 1585 genere
1192 1523 1387 1584 plerique
1412 1534 1596 1567 mortem
1617 1524 1734 1567 obie-

363 1615 474 1649 rant.
511 1605 595 1649 Sed
629 1622 706 1648 nec
746 1605 836 1665 ipse
872 1605 1121 1666 ignorasse,
1147 1613 1222 1647 aut
1259 1603 1551 1647 dissimulasse
1578 1603 1730 1648 ultima

363 1686 459 1728 vitae
488 1702 572 1728 suae
599 1694 793 1745 tempora
822 1684 1013 1740 videtur,
1044 1683 1211 1743 aliquot
1242 1683 1418 1743 quidem
1442 1684 1726 1742 argumentis.

362 1766 475 1809 Nam
504 1775 544 1808 et
568 1782 703 1825 quum
725 1763 921 1808 consules
949 1764 1218 1824 designaret,
1246 1764 1463 1806 neminem
1485 1761 1597 1806 ultra
1617 1778 1734 1806 men-

363 1862 472 1901 sem,
500 1862 588 1904 quo
609 1845 744 1899 obiit,
775 1843 1045 1904 designavit:
1065 1853 1108 1887 et
1134 1844 1178 1887 in
1204 1852 1381 1897 senatu,
1407 1844 1478 1886 cui
1501 1843 1732 1886 novissime

363 1925 592 1981 interfuit,
630 1923 818 1968 multum
854 1924 909 1968 ad
937 1923 1217 1968 concordiam
1247 1922 1403 1966 liberos
1439 1938 1540 1965 suos
1574 1921 1729 1964 cohor·

364 2014 498 2062 tatus,
534 2006 758 2065 utriusque
791 2014 961 2048 aetatem
988 2003 1242 2064 suppliciter
1270 2002 1467 2061 patribus
1508 2017 1731 2044 commen-

362 2083 495 2128 davit.
523 2087 578 2128 Et
598 2085 642 2127 in
669 2083 820 2128 ultima
840 2084 1089 2144 cognitione
1106 2099 1187 2143 pro
1205 2080 1411 2125 tribunali
1428 2115 1439 2136 ,
1466 2101 1485 2122 «
1503 2082 1734 2125 accessisse

364 2181 407 2207 se
439 2163 492 2206 ad
524 2162 655 2206 finem
685 2162 986 2216 mortalitatis,
1005 2183 1025 2203 »
1061 2178 1326 2222 quamquam
1351 2160 1730 2215 abominantibus,

364 2245 438 2303 qui
461 2243 718 2299 audiebant,
748 2242 877 2287 semel
908 2253 1038 2303 atque
1067 2244 1223 2286 iterum
1248 2241 1569 2303 pronunciavit.
