1988 3439
713 252 976 287 (fistucum.
1463 263 1526 298 ιρι

163 358 346 403 rumque
371 343 534 404 specie,
555 338 884 403 exploratorias
903 334 1151 397 appellavit.
1173 338 1338 380 Rursus
1363 335 1533 380 obsides

162 422 374 483 quosdam
386 457 397 479 ,
413 421 621 466 abductos
640 435 663 463 e
683 417 895 462 litterario
918 415 1042 472 ludo,
1056 414 1253 476 clamque
1266 418 1511 476 praemissos
1522 452 1533 470 ‚

162 502 333 549 deserto
354 511 532 564 repente
551 498 752 544 convivio
779 513 879 542 cum
908 497 1106 558 equitatu
1134 495 1376 551 insecutus,
1397 496 1530 540 veluti

163 583 370 645 profugos
410 598 460 627 ac
498 579 784 642 reprehensos
824 579 869 622 in
914 578 1076 622 catenis
1118 575 1322 633 reduxit3
1364 577 1407 620 in
1451 578 1533 621 hoc

161 680 337 725 quoque
379 663 510 708 mimo
551 671 708 723 praeter
750 658 930 704 modum
978 659 1287 719 intemperans.
1332 658 1534 719 Repetita

160 761 310 803 coena,
338 743 645 789 renunciantes
667 751 867 786 coactum
898 757 1080 802 agmen,
1110 740 1222 783 sicut
1249 750 1400 797 erant,
1431 738 1534 784 lori—

161 836 280 870 catos
314 824 367 869 ad
397 822 761 868 discumbendum
792 821 1050 866 adhortatus
1085 830 1162 865 est.
1193 821 1372 866 Monuit
1405 822 1532 865 etiam

161 906 388 951 notissimo
422 903 597 966 Virgilii
633 920 788 959 versu,
824 922 844 944 «
870 905 1092 948 Durarent
1113 937 1124 957 ‚
1161 902 1449 963 secundisque
1489 921 1534 947 se

159 986 290 1030 rebus
318 994 553 1030 servarent.
584 1004 604 1026 »
637 987 782 1045 Atque
811 984 922 1028 inter
954 983 1045 1028 haec
1077 984 1300 1028 absentem
1333 995 1532 1029 senatum

160 1065 463 1128 populumque
492 1067 748 1128 gravissimo
774 1066 1025 1127 objurgavit
1052 1065 1216 1122 edicto,
1238 1065 1378 1126 quod,
1403 1085 1423 1106 «
1443 1068 1535 1110 Cae-

161 1162 257 1191 sare
299 1146 555 1208 proeliante,
588 1156 630 1191 et
661 1147 791 1190 tantis
824 1145 1151 1190 discriminibus
1188 1146 1388 1206 objecto,
1428 1156 1534 1190 tem-

161 1227 325 1287 pestiva
345 1228 564 1283 convivia,
585 1228 773 1282 circum,
793 1237 835 1271 et
859 1227 1048 1283 theatra,
1069 1236 1110 1271 et
1130 1243 1322 1271 amoenos
1343 1243 1533 1272 secessus

159 1306 441 1351 celebrarent.
467 1327 487 1348 »

223 1388 382 1432 XLVI.
421 1389 673 1441 Postremo,
711 1388 833 1448 quasi
875 1397 1204 1448 perpetraturus
1240 1387 1436 1444 bellum,
1469 1390 1535 1434 di-

158 1476 277 1510 recta
321 1467 411 1511 acie
454 1467 497 1510 in
538 1466 664 1511 litore
702 1467 897 1522 Oceani,
943 1484 991 1510 ac
1029 1466 1194 1511 balistis
1234 1470 1533 1530 machinisque

157 1545 400 1607 dispositis,
421 1548 595 1590 nemine
617 1563 753 1608 gnaro
777 1557 851 1590 aut
879 1548 1108 1608 opinante,
1132 1548 1341 1609 quidnam
1367 1561 1534 1611 coeptu-

160 1642 233 1670 rus
263 1635 400 1683 esset,
435 1637 638 1688 repente,
674 1637 723 1671 ut
751 1626 936 1672 conchas
978 1626 1200 1690 legerent,
1230 1629 1461 1691 galeasque
1494 1642 1533 1675 et

158 1707 278 1753 sinus
312 1707 557 1770 replerent,
592 1710 850 1770 imperavit;
883 1730 903 1750 «
926 1709 1062 1771 spolia
1094 1712 1259 1754 Oceani
1288 1732 1308 1752 n
1345 1729 1534 1767 vocans,

160 1807 180 1827 κ
201 1788 422 1849 Capitolio
444 1788 700 1851 Palatioque
728 1789 887 1834 debita.
909 1811 929 1831 »
952 1793 1007 1835 Et
1033 1791 1074 1834 in
1106 1790 1317 1836 indicium
1343 1794 1536 1837 victoriae

159 1867 415 1913 altissimam
454 1878 617 1913 turrem
653 1871 884 1927 excitavit,
937 1887 988 1914 ex
1027 1888 1142 1931 qua,
1182 1882 1230 1916 ut
1272 1889 1323 1917 ex
1361 1874 1537 1928 Pham,

160 1949 360 1993 noctibus
389 1948 443 1993 ad
475 1949 688 2011 regendos
719 1951 893 1994 navium
925 1967 1077 1995 cursus
1107 1953 1229 2012 ignes
1257 1954 1497 1997 emicarent
1523 1971 1531 1996 :

158 2029 539 2090 pronunciatoque
565 2029 690 2073 militi
723 2030 953 2086 donativo,
983 2032 1176 2075 centenis
1205 2033 1370 2076 viritim
1398 2033 1534 2078 dena-

160 2109 262 2163 riis,
296 2110 417 2169 quasi
449 2126 578 2154 omne
612 2110 858 2172 exemplum
891 2111 1165 2157 liberalitatis
1200 2131 1505 2176 supergressus
1526 2151 1536 2171 ,

162 2207 182 2228 «
206 2188 362 2244 Abite,
389 2190 553 2250 inquit,
583 2189 694 2247 laeti,
725 2192 839 2235 abite
867 2190 1122 2253 locupletes.
1146 2213 1166 2234 »

223 2272 405 2314 XLVII.
437 2273 683 2316 Conversus
712 2272 815 2316 hinc
844 2273 897 2316 ad
927 2291 1076 2318 curam
1109 2277 1349 2337 triumphi,
1380 2288 1536 2338 praeter

161 2350 356 2410 captivos
378 2367 427 2394 ac
448 2352 693 2413 transfugas
716 2352 947 2408 barbaros,
971 2353 1215 2399 Galliarum
1237 2373 1412 2417 quoque
1437 2374 1537 2418 pro-

162 2431 432 2474 cerissimum
461 2448 708 2492 quemque,
739 2442 805 2489 et,
835 2442 881 2476 ut
914 2434 1003 2493 ipse
1034 2433 1229 2493 dicebat,
1263 2433 1538 2500 ἀξιοθριοῖμ-

162 2509 316 2568 ζευτον,
347 2527 398 2556 ac
426 2511 659 2555 nonnullos
696 2529 746 2556 ex
782 2514 1054 2574 principibus
1086 2513 1216 2576 legit,
1253 2533 1302 2560 ac
1338 2519 1532 2577 seposuit

164 2592 219 2636 ad
257 2595 750 2654 pompam3'coegitquc
789 2611 876 2638 non
917 2604 1086 2639 tantum
1126 2596 1306 2640 rutilare
1335 2608 1376 2641 et
1414 2615 1532 2641 sum·

166 2673 336 2718 mittere
353 2689 542 2729 comam,
557 2673 630 2717 sed
648 2684 691 2717 et
708 2691 949 2719 sermonem
968 2677 1267 2736 germanicum
1289 2677 1531 2733 addiscere,
