1971 3342
400 245 470 282 244
928 239 964 273 C.
994 238 1220 273 SUETONII

397 323 458 382 pit
474 357 483 375 ‚
513 337 648 381 neque
673 338 819 365 eorum
845 323 1074 380 quicquam
1098 321 1319 373 omittere,
1348 336 1440 379 quae
1462 322 1627 381 generis
1652 324 1740 382 ejus

398 401 604 454 artifices,
641 400 705 444 vel
744 399 1043 443 conservandae
1082 401 1194 443 vocis
1238 416 1361 442 causa
1379 433 1390 455 ,
1429 399 1494 442 vel
1540 401 1743 461 augendae

398 480 664 535 factitarent3
689 479 759 523 sed
798 489 839 521 et
871 477 1114 538 plumbeam
1146 480 1336 522 chartam
1371 479 1548 539 supinus
1573 489 1743 540 pectore

398 561 630 614 sustinere,
658 569 696 602 et
735 558 913 617 clystere
942 559 1189 617 vomituque
1226 559 1424 618 purgari,
1455 568 1498 601 et
1533 559 1744 602 abstinere

397 641 536 700 pomis
555 640 743 697 cibisque
763 637 1070 693 officientibus,
1095 637 1250 689 donec,
1277 637 1523 681 blandiente
1546 637 1742 698 profectu

399 719 683 779 (quamquam
713 717 874 777 exiguae
906 717 1020 759 vocis
1043 726 1085 759 et
1114 716 1276 776 fuscae),
1306 716 1477 777 prodire
1506 719 1547 759 in
1573 733 1742 761 scenam

398 798 667 858 concupivit,
691 796 872 840 subinde
888 797 997 839 inter
1015 795 1242 839 familiares
1261 813 1445 856 graecum
1469 797 1745 856 proverbium

394 878 584 937 Jactans,
610 875 820 920 «occultae
859 877 1029 919 musicae
1060 874 1226 918 nullum
1259 892 1345 919 esse
1380 886 1669 935 respectum.»
1694 879 1748 919 Et

400 956 561 1017 prodiit
598 955 779 1015 Neapoli
819 956 1028 1015 primum3
1069 971 1116 998 ac
1150 971 1203 997 ne
1242 971 1448 998 concusso
1473 954 1646 1013 quidem
1682 972 1748 998 re-

399 1045 526 1096 pente
562 1044 683 1078 motu
714 1045 835 1077 terrae
868 1035 1035 1077 theatro
1065 1043 1161 1077 ante
1189 1044 1363 1077 cantare
1404 1032 1593 1090 destitit,
1619 1050 1747 1093 quam

399 1116 647 1158 inchoatum
671 1113 908 1157 absolveret
929 1108 1064 1172 νόμον.
1091 1112 1253 1155 Ibidem
1275 1113 1448 1171 saepius,
1472 1122 1514 1155 et
1534 1128 1611 1171 per
1637 1129 1751 1155 com-

398 1194 542 1256 plures
563 1195 750 1237 cantavit
773 1193 860 1236 dies
882 1210 890 1235 :
913 1202 1056 1236 sumto
1082 1193 1210 1235 etiam
1231 1191 1283 1234 ad
1307 1190 1578 1234 reficiendam
1598 1207 1749 1235 vocem

399 1275 517 1317 brevi
545 1284 736 1334 tempore
752 1307 763 1327 ,
792 1273 1019 1332 impatiens
1039 1272 1189 1315 secreti
1213 1287 1236 1316 a
1261 1269 1440 1313 balineis
1465 1271 1506 1313 in
1535 1271 1751 1314 theatrum

399 1354 590 1408 transiit,
621 1353 844 1412 mediaque
870 1354 911 1395 in
937 1352 1156 1395 orchestra
1176 1350 1397 1409 frequente
1422 1348 1584 1409 populo
1609 1349 1750 1410 epula-

401 1444 468 1477 tus
484 1467 495 1489 ,
520 1453 540 1474 «
555 1435 587 1477 si
609 1432 786 1493 paulum
814 1431 1095 1485 subbibisset,
1123 1429 1284 1489 aliquid
1309 1446 1351 1472 se
1373 1429 1538 1472 sufferti
1567 1429 1749 1472 tinnitu-

401 1529 516 1568 rum,
531 1532 550 1552 ))
575 1528 712 1572 graeco
736 1526 930 1554 sermone
950 1509 1160 1570 promisit.
1178 1510 1342 1568 Captus
1360 1517 1501 1551 autem
1522 1507 1750 1551 modulatis

400 1590 789 1636 Alexandrinorum
816 1588 1158 1641 laudationibus,
1185 1588 1258 1646 qui
1286 1586 1337 1629 de
1365 1602 1478 1630 novo
1507 1598 1748 1630 commeatu

399 1670 613 1730 Neapolin
665 1669 990 1723 confluxerant,
1040 1666 1181 1727 plures
1240 1666 1489 1710 Alexandria
1543 1668 1748 1710 evocavit.

400 1752 551 1810 Neque
582 1766 631 1793 eo
667 1749 837 1809 segnius
873 1746 1210 1790 adolescentulos
1243 1747 1449 1805 equestris
1483 1745 1674 1802 ordinis,
1708 1757 1750 1789 et

401 1831 592 1889 quinque
618 1826 800 1888 amplius
829 1825 959 1869 millia
985 1844 1007 1868 e
1034 1824 1156 1885 plebe
1188 1824 1493 1868 robustissimae
1514 1825 1753 1884 juventutis

400 1909 589 1968 undique
609 1907 756 1967 elegit,
781 1908 875 1965 qui,
900 1906 1022 1948 divisi
1040 1906 1082 1947 iu
1105 1905 1333 1959 factiones,
1353 1903 1581 1963 plausuum
1598 1919 1752 1963 genera

404 1988 700 2031 condiscerent
727 1985 940 2047 (bombos,
971 1994 1013 2027 et
1045 1983 1256 2035 imbrices,
1279 1992 1321 2024 et
1343 1991 1473 2026 testas
1495 1982 1752 2041 vocabant),

401 2083 663 2127 operamque
689 2073 895 2108 navarent
921 2062 1109 2106 cantanti
1138 2061 1215 2104 sibi
1233 2095 1244 2116 ,
1266 2062 1450 2121 insignes
1472 2062 1753 2122 pinguissima

401 2161 547 2199 coma,
578 2153 619 2186 et
655 2142 1007 2185 excellentissimo
1041 2139 1158 2183 cultu
1185 2141 1332 2199 pueri,
1363 2156 1441 2183 nec
1474 2141 1563 2183 sine
1590 2139 1751 2184 annulo

399 2222 511 2266 laevis
540 2240 548 2266 :
573 2238 757 2282 quorum
783 2221 911 2264 duces
939 2220 1217 2280 quadragena
1240 2219 1372 2262 millia
1397 2220 1639 2263 sestertium
1660 2236 1750 2263 me-

401 2302 562 2346 rebant.

461 2383 577 2426 XXI.
602 2384 749 2439 Quum
778 2382 921 2440 magni
950 2381 1177 2423 aestimaret
1208 2390 1379 2423 cantare
1405 2382 1533 2423 etiam
1567 2383 1714 2425 Romae
1734 2415 1744 2433 ‚

398 2462 644 2506 Neroneum
672 2477 809 2521 agona
830 2469 927 2503 ante
954 2460 1236 2519 praestitutam
1263 2459 1375 2501 diem
1404 2459 1643 2512 revocavit3
1663 2458 1744 2501 fla-

398 2540 714 2599 gitantibusque
727 2540 890 2583 cunctis
903 2537 1114 2581 coelestem
1130 2555 1297 2593 vocem,
1313 2538 1533 2598 respondit
1547 2537 1717 2597 quidem
1736 2571 1745 2593 ,

399 2618 478 2660 «in
505 2619 640 2662 hortis
665 2636 707 2661 se
735 2619 902 2678 copiam
930 2616 1169 2660 volentibus
1199 2618 1412 2660 facturum
1439 2635 1447 2659 :
1471 2637 1490 2658 >2
1516 2616 1588 2659 sed
1611 2615 1745 2675 adju-
