1971 3342
404 263 477 298 ἠδ
1008 254 1155 288 NOTAE

456 341 541 373 CAP.
573 337 672 371 XLI.
701 333 890 368 Dec-urias.
912 333 966 366 De
988 342 1026 365 re
1052 328 1199 365 militari
1228 325 1509 372 intelligendum
1530 329 1663 371 putant
1682 323 1765 359 Ou-

405 399 588 444 dendorp.
601 425 611 441 ,
635 395 747 431 Wolf.
762 421 772 439 ‚
792 393 928 440 aliique
947 392 1015 426 viri
1035 390 1181 425 doctiss.

460 459 744 505 Praefectosqzte.
771 454 855 489 Scil.
877 455 1028 488 alarum.

463 528 723 576 Hispaniam...
744 523 919 559 habuerit.
940 521 1114 567 Hispania
1135 527 1170 554 et
1197 519 1301 567 Syria
1322 519 1418 552 inter
1438 517 1587 552 Caesaris
1609 515 1768 562 provin·-

407 592 479 627 cias
509 587 812 624 numerabantur.
846 582 1126 619 Provinciarum
1156 587 1276 615 autem
1312 580 1588 621 Coesareamm,
1609 576 1769 611 docente

409 654 461 688 Cl.
494 653 613 692 Hase,
646 647 819 695 praesides
847 643 964 691 legati
993 642 1152 676 Caesaris
1184 642 1240 675 vel
1263 647 1510 688 propraetores
1542 637 1771 679 dicebantur,

410 722 632 760 quamquam
660 707 871 743 consulares
891 710 1021 738 essent.

463 783 549 817 CAP.
573 780 689 815 XLII.
711 775 892 822 Profudit.
915 773 1006 816 Dio,
1028 784 1127 814 Lvn,
1155 783 1192 818 p.
1214 770 1287 806 615
1310 783 1317 803 :
1339 773 1477 818 Ἱίἕέριῃς
1499 769 1537 804 δὲ
1562 771 1629 804 ἐπεὶ
1648 771 1684 803 τὸ
1708 772 1774 815 ἐφε-

411 847 518 892 δρεῦον
546 846 647 878 οὐκέτ’
673 840 769 886 εἶχεν,
802 842 829 878 ἐς
856 841 920 872 πᾶν
952 838 1130 870 τούναντίον
1165 842 1226 869 τῶν
1259 838 1389 880 πρόσθεν
1429 833 1642 877 εἰργασμένων
1673 831 1775 874 αὐτῷ,

411 914 532 942 πολλῶν
553 908 647 939 ὅντων
669 904 723 937 καὶ
743 907 859 941 καλῶν,
878 900 1035 944 'neptim-rt.

466 971 698 1007 Aviditatem.
718 966 798 1002 Plin
821 993 830 1010 ,
851 976 929 1008 x1V,
952 975 997 998 22
1027 975 1035 996 ε
1057 977 1071 993 «
1094 962 1178 1008 Ipsa
1196 960 1348 1005 juventa
1378 958 1424 993 ad
1452 969 1593 991 merum
1620 954 1777 1002 pronior

413 1034 544 1069 fuerat.
564 1047 579 1062 »
1313 1011 1317 1017 ’

466 1091 671 1127 Biberius...
690 1087 901 1123 vocabatur.
929 1084 1098 1120 Aurelius
1119 1082 1261 1125 Victor,
1286 1079 1385 1126 Epic.
1416 1090 1464 1121 ιι,
1491 1089 1511 1111 2
1534 1089 1541 1110 ι
1563 1091 1581 1107 α
1601 1077 1691 1119 Iste,
1714 1073 1780 1120 qui

415 1153 592 1190 Claudius
618 1152 720 1187 Nero
752 1148 961 1191 dicebatur,
983 1147 1169 1194 eleganter
1194 1156 1213 1177 a
1232 1139 1525 1188 joculatoribus,
1546 1135 1696 1172 Caldius
1720 1134 1782 1168 Ei-

414 1214 538 1250 berius
550 1215 658 1248 Mero
673 1212 722 1246 ob
741 1208 980 1244 vinolentiam
998 1206 1212 1241 nominatus
1231 1209 1295 1238 est.
1321 1218 1335 1231 υ
1355 1201 1446 1236 Inde
1466 1210 1612 1234 carmen
1634 1197 1780 1231 allatum

416 1289 436 1311 a
457 1278 654 1311 Burmann.
671 1301 680 1318 ,
707 1272 811 1317 cujus
836 1269 998 1305 clausula
1026 1280 1034 1302 ε

646 1386 768 1419 Exinde
782 1385 868 1428 plebs
885 1383 1055 1424 Quiritium
1076 1380 1197 1412 vocaxit

648 1444 721 1474 Non
739 1440 906 1472 Claudium
925 1438 1086 1469 Tiberium
1107 1438 1263 1467 Neronem
1275 1457 1282 1471 ‚

651 1498 712 1529 sed
727 1496 872 1529 Caldium
891 1494 1051 1525 Biberium
1073 1494 1248 1522 Merouem.

478 1612 716 1649 Cor-rectione.
736 1608 832 1643 Vide
852 1620 933 1653 sup.
955 1617 1093 1640 xxxin.

479 1672 689 1710 Consumsit.
720 1670 833 1713 Plin.,
862 1681 940 1710 xw,
962 1678 1008 1700 22
1040 1679 1047 1699 ε
1074 1665 1229 1709 «anue
1250 1658 1570 1696 commendatione
1599 1654 1788 1689 credidere

423 1739 463 1771 L.
484 1735 653 1771 Pisonem
672 1732 776 1767 urbis
796 1732 923 1765 Romae
950 1740 1045 1762 curae
1072 1725 1117 1759 ab
1138 1737 1182 1758 co
1209 1723 1407 1763 delectum,
1428 1717 1532 1765 quod
1555 1714 1671 1750 biduo
1695 1712 1789 1747 dua—

424 1799 570 1844 busque
608 1793 781 1829 noctibus
807 1788 1106 1837 perpotationem
1137 1784 1385 1819 continuasset
1419 1778 1519 1825 apud
1547 1777 1686 1823 ipsum,
1715 1774 1790 1819 jam

424 1858 640 1905 principem.
658 1871 672 1885 »
703 1854 756 1889 Cf.
777 1853 901 1887 szssc
927 1878 935 1891 ‚
955 1849 1061 1895 epist.
1084 1858 1246 1880 Lxxxin.

484 1925 680 1962 codicillis.
707 1924 764 1958 De
785 1920 921 1968 quibus
939 1917 1023 1952 vide
1044 1928 1124 1962 sup.
1146 1927 1238 1948 xxii.

481 1995 664 2031 condixit.
687 1994 731 2028 H.
755 2003 784 2026 e.
806 1990 910 2037 prior
928 1994 963 2023 et
982 1987 1082 2021 ultro
1105 1980 1336 2018 denuntiavit
1357 1992 1393 2014 se
1419 1977 1519 2025 apud
1538 1976 1640 2010 illum
1668 1984 1792 2006 coena—

427 2067 564 2093 turum,
587 2056 640 2091 Cf.
660 2056 798 2097 Plaut.,
822 2053 947 2091 Mem,
970 2062 1000 2092 1,
1023 2059 1065 2091 2,
1092 2046 1146 2081 15.

484 2126 616 2162 Boleti.
637 2126 740 2159 Inter
754 2123 888 2169 fungos
900 2120 1060 2166 primum
1075 2118 1196 2150 locum
1217 2112 1399 2147 obtinent.
1424 2107 1570 2145 Deliciae
1592 2108 1694 2138 erant
1712 2102 1793 2135 Ma-

430 2195 581 2237 gnatum
603 2193 638 2221 et
658 2183 808 2232 quidem
828 2179 1078 2228 pretiosiores.
1102 2178 1229 2219 Mart„
1250 2185 1323 2208 χιιι
1337 2199 1346 2216 ,
1371 2176 1415 2215 47
1442 2183 1450 2203 :

571 2305 743 2341 Argentum
765 2304 858 2338 atque
875 2305 982 2326 aurum
999 2291 1087 2323 facile
1103 2296 1166 2326 est,
1184 2290 1356 2327 laenamque
1373 2290 1537 2324 togamque

616 2356 760 2391 Mittere,
779 2353 899 2384 boletos
917 2349 1041 2381 mittere
1060 2345 1188 2377 difficile
1208 2349 1265 2374 est.

487 2470 571 2504 Cn.
597 2465 734 2501 XLIII.
760 2462 965 2497 Sellart'am.
988 2456 1102 2501 Quod
1127 2456 1262 2490 Noster
1283 2449 1495 2489 sellariam,
1516 2442 1665 2479 Tacitus
1682 2438 1799 2473 sella-

437 2531 526 2562 rium
557 2526 663 2569 dicit,
703 2524 859 2565 AtmaL,
889 2534 948 2563 vx,
987 2532 995 2553 1
1030 2531 1035 2551 :
1065 2518 1204 2550 «Tunc
1234 2512 1395 2560 primum
1424 2508 1550 2554 ignota
1578 2509 1661 2538 ante
1687 2508 1798 2532 voca-

438 2589 524 2623 bula
563 2592 708 2632 reperta
739 2590 842 2625 sunt,
874 2581 1101 2615 sellariorum
1140 2583 1174 2609 et
1205 2571 1440 2619 spintriarum
1473 2579 1515 2602 ex
1542 2561 1703 2599 fot-ditate
1729 2556 1801 2591 loci

439 2656 470 2682 et
493 2646 687 2692 multiplici
711 2642 898 2691 patientia.
920 2658 932 2670 n
