1988 3407
629 242 677 275 IN
710 243 748 275 c,
781 242 812 275 J.
845 241 1102 275 cAEsAnmi.
1497 240 1567 287 139

186 332 200 355 ι
235 332 244 355 :
267 336 280 349 ‹-
304 319 396 355 Belli
419 330 558 354 nomen
577 317 798 366 ponendum
818 317 856 352 in
876 317 1059 353 sententia
1084 317 1238 364 quidam
1259 331 1337 353 non
1360 318 1569 365 putabant,

181 381 380 416 tumultum
395 381 582 428 appellare
604 380 813 424 malebant,
829 379 949 428 ignari
977 391 1052 414 non
1074 379 1191 413 modo
1208 392 1334 414 rerum
1349 408 1358 425 ‚
1373 380 1438 415 sed
1458 380 1568 415 etiam

179 442 396 478 verborum.
416 459 430 473 υ

233 507 367 552 Agros.
399 504 537 540 Partim
574 503 763 550 publicos,
798 502 935 550 partim
966 514 1077 545 suos;
1114 501 1211 546 Dio,
1247 514 1352 546 xut,
1378 514 1414 549 p.
1457 514 1532 538 210
1561 516 1567 536 z

181 571 296 616 Σώραν
315 573 350 604 ἔκ
375 585 410 604 τε
436 576 491 609 τῆς
510 568 686 615 Sti-imin,
705 569 762 603 καὶ
783 571 817 603 ἐκ
837 574 893 608 τῆς
913 571 1037 602 ἑαυτοῦ.

232 636 316 671 Non
346 637 545 671 continuos.
574 636 625 671 Ut
661 634 774 670 Sicul.
807 635 979 679 Flaccus,
1003 635 1049 668 de
1079 633 1221 669 Condit.
1250 646 1428 684 agrorum
1454 647 1466 668 .·
1489 650 1504 665 ει
1525 635 1567 669 In

178 697 303 733 multis
329 697 545 747 regionibus
569 697 840 744 comperimus,
864 695 1050 744 quosdam
1072 707 1305 743 possessores
1335 708 1415 731 non
1445 695 1569 731 conti-

178 771 270 796 nuas
291 760 346 807 (h.
367 772 398 795 e.
419 771 495 795 non
520 757 768 808 cohaerentes)
786 758 928 793 habere
952 765 1082 794 terras.
1107 773 1122 787 υ

234 830 438 865 Pollicitus.
464 831 508 865 A.
537 830 583 865 U.
608 828 704 874 705,
725 842 844 877 quum
864 830 1024 865 Romam
1045 828 1207 864 venisset
1222 855 1231 873 ‚
1255 828 1366 876 pulso
1391 839 1437 863 ex
1465 827 1569 863 Italia

179 891 372 939 Pompeio.

233 953 520 988 Habitationem.
535 953 581 988 H.
597 964 627 988 e.
643 965 805 988 annuam
825 953 1065 1000 pensionem,
1089 964 1171 999 quae
1193 951 1440 986 habitationis
1460 962 1569 987 causa

177 1014 367 1061 penditur.
394 1014 598 1060 Martialis,
620 1027 655 1060 1,
684 1027 753 1063 29,
777 1015 797 1050 3
823 1028 830 1048 :

319 1148 496 1156 .......
516 1123 576 1155 Sed
595 1123 698 1155 neutri
716 1122 827 1166 pensio
845 1129 910 1154 tota
931 1123 998 1154 fuit.

230 1229 408 1278 Epulum.
445 1230 519 1265 Pro
561 1228 813 1277 gratulatione
835 1229 1013 1264 victoriae.
1043 1229 1159 1273 Plin.‚
1193 1230 1239 1263 H.
1266 1229 1333 1273 N„
1359 1241 1446 1273 xw,
1479 1241 1519 1273 17
1564 1241 1571 1262 :

178 1307 192 1322 ιι
211 1289 345 1336 Quid?
371 1303 450 1326 non
490 1298 527 1326 et
551 1292 670 1326 Caesar
696 1290 859 1326 dictator
893 1290 1075 1337 triumphi
1103 1290 1160 1325 sui
1186 1302 1291 1326 coena
1319 1290 1397 1324 vini
1424 1290 1571 1326 Falerni

177 1352 400 1400 amphoras,
427 1352 508 1388 Chii
539 1352 652 1388 cados
683 1352 721 1387 in
749 1353 921 1388 convivia
958 1351 1179 1388 distribuit?
1211 1351 1312 1387 idem
1334 1351 1571 1399 Hispaniensi

176 1413 371 1462 triumpho
391 1414 525 1450 Chium
545 1421 580 1449 et
605 1415 804 1450 Falernum
825 1414 955 1460 dedit3
976 1415 1092 1462 epulo
1117 1425 1209 1449 vero
1233 1413 1272 1448 in
1296 1413 1408 1449 tertio
1431 1426 1571 1449 consu—-

176 1475 254 1511 latu
280 1487 349 1511 suo
386 1476 605 1521 Falernum,
633 1476 792 1521 Chium,
825 1476 1026 1522 Lesbium,
1052 1475 1346 1521 Mamertinum,
1374 1488 1452 1523 quo
1488 1475 1572 1524 pri-

176 1549 278 1572 mum
301 1543 472 1585 tempore
499 1545 667 1586 quatuor
689 1550 826 1587 genera
852 1537 930 1572 vini
957 1537 1129 1585 apposita
1150 1544 1306 1572 constat.
1332 1553 1346 1568 υ

236 1599 540 1636 Vocet-ationem.
570 1600 616 1636 H.
640 1612 671 1635 e.
695 1599 822 1635 crudae
850 1599 972 1635 carnis
999 1599 1317 1635 distributionem.
1348 1598 1450 1643 Liv.‚
1476 1611 1571 1644 vul,

178 1672 226 1696 22
250 1673 259 1696 ε
279 1676 298 1694 α
317 1662 466 1709 Populo
485 1661 684 1697 visceratio
707 1661 794 1697 data
822 1674 842 1697 a
869 1663 920 1697 M.
943 1661 1079 1697 Fluvio
1099 1661 1138 1696 in
1158 1661 1291 1696 funere
1310 1660 1450 1696 matris.
1475 1676 1489 1692 »

227 1723 316 1760 Cn.
348 1724 540 1760 XXXIX.
574 1725 706 1758 Ludos.
739 1724 886 1771 Nempe
930 1722 1099 1759 scenicos
1138 1736 1145 1758 :
1180 1730 1432 1771 opponuntur
1469 1722 1567 1758 enim

177 1783 427 1821 Circensibus.

230 1855 473 1903 Regionatim.
490 1856 535 1891 H.
558 1868 588 1890 e.
604 1868 672 1903 per
692 1868 821 1890 omnes
834 1854 948 1891 Urbis
961 1854 1276 1903 1·egiones.Quum
1291 1856 1419 1890 Rornae
1438 1867 1571 1903 magna

179 1915 288 1963 copia
314 1923 395 1951 erat
419 1916 613 1951 hominum
646 1929 690 1951 ex
722 1916 897 1953 omnibus
927 1915 1075 1963 imperii
1106 1916 1328 1962 provinciis,
1358 1917 1498 1961 Caesar,
1531 1923 1573 1951 ut

179 1976 356 2013 omnibus
374 1977 670 2027 gratificaretur,
693 1977 892 2013 histriones
913 1977 1079 2012 omnium
1096 1977 1310 2025 linguarum
1334 1976 1517 2012 adhibuit.

235 2039 491 2084 Pyrrhiclaam.
517 2040 674 2075 Saltatio
701 2039 771 2075 fuit
796 2039 983 2087 pedestris
1007 2046 1147 2074 armata
1164 2052 1171 2072 :
1187 2045 1297 2089 χερεία,
1319 2046 1346 2076 ἐν
1368 2045 1432 2081 τοῖς
1451 2044 1572 2084 ὅπλοις,

181 2102 358 2146 ΙυιιΛκ.,
383 2101 488 2137 Orat.
502 2128 513 2145 ‚
543 2115 571 2137 1.

231 2172 426 2207 Laberius.
454 2173 625 2208 Macrob.
655 2173 830 2215 Satura„
861 2185 909 2216 11,
938 2186 956 2217 7
981 2186 987 2206 :
1019 2190 1031 2203 «ι
1050 2171 1271 2216 Laberium,
1292 2183 1430 2218 asperre
1454 2170 1571 2206 liber—

183 2232 268 2268 tatis
288 2232 452 2281 equitem
473 2246 634 2279 roman.,
651 2235 773 2270 Caesar
786 2233 1004 2283 quingentis
1027 2233 1191 2267 millibus
1211 2232 1403 2275 invitavit,
1419 2239 1459 2267 ut
1478 2245 1573 2280 pro-

180 2294 277 2329 diret
307 2294 344 2329 in
370 2307 542 2341 scenam,
570 2302 606 2332 et
633 2295 712 2343 ipse
742 2302 869 2344 ageret
900 2295 1057 2338 mimos,
1083 2308 1180 2342 quos
1207 2294 1451 2342 scriptitabat.
1477 2311 1490 2325 »
1517 2296 1573 2329 Dc

182 2355 331 2391 Laberii
350 2355 470 2392 mimis
483 2385 492 2401 ,
513 2357 645 2393 Horat.
661 2385 670 2401 ,
700 2357 776 2392 Sat.
808 2369 819 2391 1
836 2385 846 2402 ,
879 2369 921 2391 10
942 2370 949 2390 :

322 2468 359 2498 Et
376 2465 488 2498 Laberi
505 2466 616 2498 mimos
655 2472 689 2498 ut
708 2466 842 2510 pulchra
864 2473 1007 2509 poemata
1026 2466 1132 2498 mirer.

235 2571 393 2605 Sessum.
423 2572 466 2607 Η.
492 2584 521 2607 e.
545 2578 585 2607 ut
611 2571 765 2608 sederet.

237 2643 281 2676 1η
311 2644 597 2690 quatuordecim.
626 2644 671 2678 H.
709 2656 738 2678 e.
767 2643 1054 2691 quatuordecim
1096 2642 1247 2677 ordines
1265 2671 1272 2685 ‚
1304 2642 1378 2677 sive
1410 2643 1545 2691 gradun
1565 2673 1573 2689 ‚
