1971 3342
426 260 495 307 178
951 257 988 289 C.
1019 252 1247 289 SUETONH

427 344 481 389 ad
510 359 553 388 se
578 341 731 385 deduci
764 338 1015 400 imperavit,
1050 338 1246 395 intraque
1277 347 1434 393 paucos
1461 330 1550 374 dies
1577 330 1777 391 repudia=

426 434 517 468 tam
544 421 719 466 biennio
742 428 839 481 post
863 412 1094 478 relegavit,
1111 414 1228 475 quod
1251 412 1450 473 repetisse
1474 427 1599 454 usum
1626 410 1781 470 prioris

430 503 573 547 mariti
604 512 797 560 tempore
833 497 977 541 medio
1005 495 1243 538 videbatur.
1278 491 1358 537 Alii
1388 490 1588 546 tradunt,
1614 489 1782 533 adhibi-

430 594 524 627 tum
553 597 682 625 coenae
711 576 921 638 nuptiali,
949 574 1172 618 mandasse
1198 572 1251 617 ad
1280 574 1504 623 Pisonem,
1535 579 1686 614 contra
1714 584 1781 611 ae-

427 663 726 714 eumbentem,
749 679 769 700 «
785 656 887 702 Noli
911 672 1088 700 uxorem
1111 670 1248 697 meam
1272 668 1467 713 premere
1487 668 1495 694 :
1515 670 1535 691 J)
1556 649 1784 708 statimque

426 753 469 787 et
501 741 702 786 convivio
740 737 968 782 abduxisse
1002 751 1126 788 eam,
1161 750 1209 777 ae
1242 732 1439 793 proximo
1478 730 1547 773 die
1580 728 1785 779 edixisse,

429 834 765 869 MATR1MON1UM
792 834 873 862 sim
899 830 1139 860 REPERTUM
1169 828 1380 857 EXEMPLO
1404 814 1594 855 ROMULI
1620 824 1674 852 ΕΤ
1694 809 1785 851 AU-

430 918 577 948 GusTi.
602 898 788 945 Lolliam
812 896 1037 941 Paulinam
1054 929 1064 949 ,
1087 894 1136 937 C.
1166 892 1374 937 Memmio
1399 888 1638 944 consulari,
1664 903 1787 931 exer-

432 984 542 1026 eitus
580 979 772 1041 regenti,
806 986 1016 1037 nuptam,
1049 974 1162 1018 faeta
1194 973 1412 1016 mentione
1448 969 1552 1012 aviae
1586 968 1705 1028 ejus,
1744 975 1789 1008 ut

433 1061 654 1122 quondam
682 1059 1004 1121 pulcherrimae,
1023 1056 1165 1099 subito
1185 1071 1234 1097 ex
1258 1052 1479 1113 provincia
1502 1048 1718 1102 evocavit,
1743 1063 1790 1089 ae

430 1141 686 1202 perductam
717 1155 741 1181 a
780 1138 936 1181 marito
970 1134 1196 1194 conjunxit
1236 1133 1343 1185 sibi,
1371 1130 1580 1188 brevique
1618 1126 1791 1170 missam

430 1221 532 1264 fecit
549 1254 560 1276 ,
594 1217 824 1263 interdicto
849 1216 1106 1276 cujusquam
1134 1213 1178 1255 in
1206 1220 1464 1272 perpetuum
1491 1208 1622 1252 coitu.
1649 1207 1793 1250 Caeso-

432 1301 575 1356 niam,
605 1315 744 1358 neque
780 1297 887 1341 faeie
920 1294 1107 1355 insigni,
1144 1308 1283 1351 neque
1318 1299 1441 1333 aetate
1475 1288 1671 1347 integra,
1703 1301 1794 1328 ma-

433 1391 629 1440 tremque
659 1380 749 1439 jam
778 1394 828 1421 ex
861 1376 945 1419 alio
975 1375 1069 1418 viro
1102 1373 1234 1416 trium
1270 1368 1454 1412 {iliarum
1472 1402 1482 1420 ‚
1512 1365 1586 1410 sed
1615 1364 1796 1409 luxuria)

431 1477 480 1503 ae
506 1459 690 1503 lasciviae
718 1456 918 1517 perditae,
943 1464 986 1498 et
1008 1452 1229 1497 ardentius
1252 1459 1293 1492 et
1316 1447 1586 1492 constantius
1610 1443 1793 1488 amavit:

433 1549 479 1582 ut
506 1556 616 1598 saepe
641 1535 867 1596 chlamyde
902 1533 1101 1594 peltaque
1128 1541 1171 1575 et
1197 1528 1313 1591 galea
1345 1537 1542 1572 ornatam
1560 1560 1571 1582 ,
1599 1541 1648 1567 ae
1674 1525 1797 1584 juxta

433 1620 782 1679 adequitantem,
818 1614 1028 1658 militibus
1060 1610 1321 1665 ostenderit,
1356 1607 1503 1651 amicis
1535 1621 1640 1648 vero
1671 1605 1795 1646 etiam

435 1699 608 1742 nudam.
631 1699 774 1753 Quam
798 1696 966 1738 enixam
992 1693 1145 1736 uxorio
1172 1690 1347 1734 nomine
1370 1687 1574 1746 dignatus
1602 1692 1686 1737 est,
1710 1698 1798 1725 uno

434 1789 563 1838 atque
592 1777 745 1820 codem
771 1775 839 1818 die
870 1773 1112 1834 professus,
1140 1781 1181 1813 et
1208 1770 1412 1812 maritum
1441 1782 1483 1809 se
1514 1764 1630 1824 ejus,
1655 1772 1697 1806 et
1723 1778 1799 1822 pa-

435 1869 543 1902 trem
571 1856 746 1900 infantis
776 1872 825 1898 ex
852 1870 900 1897 ea
927 1862 1047 1895 natae.
1072 1850 1288 1894 Infantem
1312 1856 1478 1901 autem,
1503 1842 1660 1889 Juliam
1680 1844 1799 1886 Dru-

435 1937 572 1981 sillam
615 1934 876 1996 appellatam
898 1967 908 1986 ,
953 1948 1028 1992 per
1063 1930 1259 1974 omnium
1293 1927 1470 1970 dearum
1515 1921 1673 1982 templa
1716 1921 1799 1963 eir-

435 2016 703 2071 cumferens,
738 2015 946 2058 Minervae
974 2011 1140 2072 gremio
1173 2007 1405 2067 imposuit,
1439 2002 1726 2060 alendamque
1761 2009 1802 2042 et

437 2095 745 2139 instituendam
764 2089 1101 2136 commendavit.
1117 2089 1210 2131 Nee
1234 2085 1323 2129 ullo
1344 2084 1536 2127 firmiore
1559 2080 1717 2124 indicio
1737 2079 1800 2123 sui

435 2175 612 2218 seminis
637 2189 727 2217 esse
753 2170 981 2224 credebat,
1012 2183 1142 2228 quam
1170 2165 1351 2209 feritatis
1376 2182 1384 2206 :
1413 2179 1508 2223 quae
1539 2160 1601 2205 illi
1628 2175 1802 2220 quoque

437 2264 557 2298 tanta
577 2254 665 2313 jam
697 2262 800 2295 tunc
828 2260 946 2305 erat,
973 2258 1021 2291 ut
1046 2247 1209 2290 infestis
1239 2245 1385 2305 digitis
1408 2259 1483 2286 ora
1509 2251 1551 2285 et
1573 2238 1724 2284 oculos
1748 2239 1802 2281 si-

440 2333 529 2377 mul
559 2332 802 2376 ludentium
832 2329 1066 2373 infantium
1096 2328 1337 2370 incesseret.

499 2415 659 2456 XXVI.
692 2414 805 2455 Leve
829 2426 879 2453 ae
906 2407 1113 2469 frigidum
1138 2407 1194 2449 sit
1216 2405 1283 2447 his
1306 2402 1488 2458 addere,
1514 2416 1602 2461 quo
1623 2397 1802 2460 propin-

437 2509 545 2553 quos
579 2492 827 2550 amicosque
864 2498 993 2549 pacto
1033 2485 1304 2538 tractaverit,
1337 2480 1650 2532 Ptolemaeum‚
1690 2477 1803 2536 regis

439 2573 558 2617 Jubae
583 2571 743 2627 lilium,
767 2567 1077 2614 consobrinum
1098 2581 1223 2607 suum
1245 2564 1354 2624 (erat
1375 2562 1489 2606 enim
1514 2569 1555 2603 et
1578 2559 1611 2601 is
1633 2559 1695 2601 M.
1717 2558 1805 2599 An-

442 2654 545 2695 tonii
570 2670 619 2695 ex
648 2651 799 2696 Selene
828 2646 914 2692 'filia
941 2645 1120 2706 nepos),
1149 2655 1191 2688 et
1218 2645 1258 2687 in
1286 2643 1436 2703 primis
1465 2641 1607 2700 ipsum
1632 2638 1804 2681 Maero-
