1971 3342
373 237 386 258 1
400 236 418 258 2
426 236 444 258 2
1002 227 1035 261 N
1038 227 1153 263 OTAE

424 308 639 351 Assur-gere.
662 303 757 346 Dio,
782 316 859 338 Lvu
875 333 882 344 ,
903 317 939 352 p.
962 304 1038 354 609
1061 320 1068 340 :
1092 313 1170 350 Τοὺς
1189 326 1224 345 τε
1247 299 1296 345 ἀεὶ
1317 313 1475 358 ἄρχοντας
1494 314 1533 351 ὡς
1553 314 1582 346 ἐν
1603 311 1768 361 δημοκρα,

371 372 427 416 τίᾳ
455 372 571 416 ἐτίμα,
594 371 735 410 καὶτοῖς
756 372 893 410 ὑπάτοις
916 372 973 406 καὶ
995 375 1213 408 ὑπανίστατο.

424 428 510 464 ΕΑΡ.
542 429 713 464 XXXII.
743 430 802 464 De
825 429 1038 466 tribuendis.
1064 430 1205 476 Tacit.‚
1244 432 1380 466 Annal.
1403 457 1416 475 ‚
1448 444 1516 476 111,
1548 443 1593 468 21
1630 445 1638 467 :
1674 449 1689 464 «
1715 434 1772 469 Eo

370 489 507 537 proelio
535 490 657 526 Rufus
677 491 853 537 Helvius,
872 492 1066 541 gregarius
1079 493 1203 538 miles,
1225 493 1362 529 servati
1382 493 1472 529 civis
1493 493 1607 530 decus
1625 495 1774 542 retulit3

371 552 611 600 donatusque
639 560 693 588 est
713 553 761 588 ab
785 554 956 601 Apronio
985 555 1187 602 torquibus
1217 562 1253 591 et
1274 556 1379 591 hasta
1413 557 1534 593 Caesar
1549 556 1698 593 addidit
1716 558 1773 593 ci—

371 614 491 649 vicam
521 627 720 660 coronam,
743 616 851 663 quod
874 628 954 652 non
974 629 1056 652 eam
1084 631 1242 665 quoque
1261 618 1476 664 Apronius,
1495 619 1582 666 jure
1601 633 1774 668 procon-

371 676 480 722 sulis,
501 676 713 722 tribuisset,
730 685 884 725 questus
903 679 1021 727 magis
1042 692 1156 727 quarn
1177 680 1357 716 offensus.
1382 696 1396 712 n

427 739 682 773 Memorandi.
703 740 760 774 De
780 740 842 774 illa
857 739 1014 788 antiqua
1036 742 1311 778 consuetudine
1332 741 1408 778 Cic.
1423 743 1470 777 de
1490 742 1593 787 Fin„
1614 754 1670 788 11,
1694 754 1742 778 22
1764 754 1773 778 ε

374 816 388 831 «
410 800 476 836 Est
496 799 596 836 enim
617 799 686 835 tibi
710 800 959 847 edicendum,
975 815 1059 850 quae
1079 803 1127 838 sis
1147 804 1417 840 observaturus
1438 804 1574 851 injure
1594 803 1776 850 dicend03

374 868 409 896 ct
434 862 593 898 fortasse
617 862 749 908 etiarn,
770 863 799 898 si
820 863 889 898 tibi
909 865 982 900 erit
998 864 1142 911 visum,
1168 865 1314 914 aliquid
1340 865 1388 902 de
1408 865 1619 913 majoribus
1641 867 1716 902 tuis
1739 872 1777 902 et

374 931 410 958 ct
436 925 482 959 de
502 931 539 959 te
558 924 641 971 ipso
664 925 787 971 dices,
814 939 921 962 more
948 926 1149 973 majorum.
1170 943 1182 958 »a

430 987 592 1021 Remi-⁵1⁸1*-
616 987 690 1022 Dio
706 1015 716 1032 ‚
737 999 847 1032 LVII,
875 1001 911 1035 p·
939 987 1014 1024 603
1038 1002 1047 1023 :
1071 987 1200 1031 Επειδὴ
1226 1008 1308 1028 ποτε
1329 995 1355 1028 οἱ
1383 987 1515 1029 ῥωὸίων
1539 996 1691 1041 ἄρχοντες
1709 996 1778 1028 ἐπι·

374 1054 559 1092 στείῖκαντές
578 1068 609 1087 τι
630 1055 741 1099 αὐτῷ,
765 1056 821 1098 οὐχ
843 1056 1034 1101 ὑπέγραψαν
1062 1061 1103 1101 τῇ
1129 1058 1283 1102 ἐπιστολῇ
1312 1061 1406 1090 τοῦτο
1436 1054 1478 1094 δὴ
1499 1058 1535 1091 τὸ
1560 1059 1778 1104 νομιζόμενον,

376 1116 468 1159 εὐχὰς
488 1117 575 1160 αὐτῷ
596 1118 790 1161 ποιούμενοι”
813 1118 1048 1163 μετεπέμψατο
1073 1119 1128 1164 μὲν
1151 1116 1303 1164 σπουδῇ,
1328 1120 1365 1157 ὡς
1384 1119 1440 1152 καὶ
1460 1121 1559 1153 κακόν
1579 1134 1611 1153 τι
1632 1116 1777 1166 δράσων,

375 1179 522 1216 ἐλθόντας
549 1175 588 1211 δὲ
621 1175 713 1211 οὐδὲν
749 1175 852 1211 δεινὸν
888 1180 1080 1225 εἰργάσατο,
1106 1181 1176 1214 ἀλλ’
1202 1180 1458 1226 ὑπογράψαντας
1484 1183 1521 1215 τὸ
1549 1178 1657 1215 ἐνδέον
1697 1182 1779 1215 ἀπε-

375 1240 495 1284 πέμψε,
517 1234 742 1281 Cujusmodi
760 1233 877 1270 fuerit
898 1236 1129 1284 subscriptio
1156 1236 1357 1285 saepissime
1377 1237 1514 1273 usitata
1533 1237 1646 1273 docet
1663 1236 1779 1284 Pliu„

375 1297 498 1343 Epist.
512 1323 522 1339 ‚
545 1309 591 1341 x,
618 1309 631 1331 1
657 1310 666 1332 τ
689 1313 703 1329 ι(
724 1297 877 1332 Fortem
898 1304 934 1334 te
955 1304 993 1334 et
1011 1298 1191 1345 hilarem,
1215 1299 1425 1347 imperator
1447 1299 1609 1348 optime,
1629 1306 1666 1335 et
1692 1298 1779 1347 pri-

375 1359 490 1394 vatim
511 1366 548 1395 et
576 1359 730 1406 publice
753 1365 860 1407 opto.
887 1376 902 1391 »
928 1360 985 1396 Cf.
1007 1361 1173 1397 Bmsson*
1187 1389 1196 1407 ,
1216 1363 1265 1397 cle
1284 1363 1446 1397 Formul.
1462 1388 1474 1405 ,
1494 1375 1533 1410 p.
1556 1362 1644 1404 324.

432 1421 615 1456 Sabbatis.
647 1423 798 1458 Nomen
827 1433 920 1470 ergo
948 1422 1096 1458 sabbati
1123 1435 1144 1458 a
1166 1423 1305 1459 Judaeis
1327 1422 1376 1459 ad
1395 1424 1591 1460 Romanos
1607 1422 1684 1469 jam
1710 1434 1780 1457 ve—

375 1483 471 1518 nisse
495 1490 654 1519 constat.

431 1547 671 1582 Proesidc'bus.
698 1545 848 1582 AEmilio
870 1547 1011 1591 Recto,
1034 1547 1189 1595 AEgypti
1210 1546 1378 1594 praesidi,
1407 1547 1592 1594 majorem
1611 1544 1780 1596 pecuniae

377 1620 561 1643 summam
590 1621 636 1644 ex
669 1610 839 1657 AEgypto
878 1607 1064 1654 mittenti,
1098 1608 1332 1656 rescripsisse
1373 1608 1507 1644 dicunt
1543 1608 1642 1654 Dio,
1676 1620 1756 1643 Lvu
1770 1642 1780 1660 ‚

375 1682 411 1716 p.
443 1670 542 1713 608,
574 1677 609 1706 et
632 1672 788 1715 Zonar.,
813 1672 973 1713 Annal„
1004 1683 1056 1715 11,
1075 1683 1113 1718 p.
1139 1683 1214 1716 172
1239 1683 1247 1705 τ
1277 1668 1339 1709 ὁτι
1359 1676 1523 1722 χείρεσθαί
1546 1690 1606 1722 μου
1635 1674 1679 1709 τὰ
1703 1675 1780 1720 πρό-

377 1735 483 1777 gaura,
515 1738 582 1770 ἀλλ’
608 1740 663 1771 οὐκ.
690 1737 906 1783 ἀποξύρεσθαι
928 1736 1096 1783 ἕούλαμαι.

431 1794 518 1829 cip.
551 1795 743 1830 XXXIII.
783 1794 950 1829 Varium.
978 1794 1063 1829 Seii.
1096 1807 1198 1829 nunc
1232 1795 1441 1844 benignum
1466 1801 1503 1830 et
1534 1795 1779 1839 clementem,

375 1869 477 1890 nunc
497 1868 635 1891 saevum
656 1863 694 1892 et
717 1856 910 1891 immitem.

430 1921 475 1953 In
497 1926 612 1966 parte
625 1919 798 1967 primori.
828 1919 874 1953 H.
897 1931 926 1957 e,
948 1919 986 1954 in
1007 1918 1208 1955 tribunalis
1235 1932 1376 1963 cornu,
1402 1931 1449 1954 ex
1467 1918 1587 1954 Tacit.
1609 1920 1750 1955 Annal.
1766 1946 1777 1962 ,

377 1994 408 2025 ι,
431 1993 530 2016 Lxxv
560 1994 568 2016 ε
600 1998 614 2012 «
636 1983 714 2017 Nec
739 1987 893 2028 patrum
919 1981 1204 2030 cognitionibus
1225 1981 1401 2025 satiatus,
1419 1980 1572 2028 judiciis
1591 1981 1780 2017 assidebat

376 2043 415 2077 iu
441 2055 564 2078 cornu
586 2043 806 2089 tribunalis,
826 2056 874 2079 ne
892 2051 1094 2091 praetorem
1115 2044 1238 2079 curuli
1260 2043 1477 2091 depelleret.
1494 2060 1508 2076 »

431 2106 466 2140 E
485 2107 624 2153 plano.
647 2105 735 2141 Scil.
766 2119 787 2141 e
806 2107 888 2140 loco
918 2118 992 2140 non
1021 2106 1146 2148 edico,
1176 2118 1241 2141 seu
1273 2105 1374 2140 inter
1407 2104 1577 2153 reliquos
1602 2105 1778 2152 judices:

378 2167 590 2214 opponitur
609 2181 630 2203 e
647 2168 845 2217 quaestoris
867 2168 1057 2203 tribunali.

433 2229 646 2277 Religionis.
679 2230 877 2277 Namque,
915 2242 961 2265 ex
993 2231 1133 2266 Ascon.
1166 2232 1204 2265 in
1240 2231 1333 2273 Cic„
1358 2241 1395 2277 p.
1432 2229 1499 2274 48,
1523 2228 1703 2275 jurabant
1741 2228 1779 2264 in

377 2292 477 2339 leges
494 2291 663 2337 judices,
684 2298 726 2326 ut
753 2291 925 2327 obstricti
947 2292 1127 2339 religione
1145 2291 1373 2339 judicarent.
1397 2290 1511 2336 Cod.‚
1542 2302 1614 2336 111,
1645 2303 1683 2336 1,
1717 2296 1738 2333 4
1769 2303 1777 2325 ε

377 2353 479 2388 «Cui
515 2365 594 2388 non
629 2360 683 2389 est
715 2353 910 2403 cognitum
933 2353 1114 2402 antiquos
1143 2355 1290 2401 judices
1317 2366 1397 2389 non
1424 2353 1531 2388 aliter
1561 2352 1777 2398 judicialem

378 2415 562 2450 calculum
594 2415 803 2463 accepisse,
840 2415 911 2450 nisi
945 2415 1051 2463 prius
1079 2416 1335 2463 juramentum
1362 2414 1619 2463 praestitissent
1653 2414 1778 2450 omni-

377 2475 495 2511 modo
514 2489 552 2512 se
572 2490 655 2513 curn
675 2477 833 2513 veritate
854 2484 889 2512 et
910 2479 1035 2526 legum
1057 2478 1322 2514 observatione
1342 2477 1528 2524 judicium
1555 2489 1632 2513 esse
1651 2477 1778 2524 dispo-

379 2537 543 2574 situros?
558 2556 573 2571 x

434 2600 520 2636 (ΠΛΡ.
549 2602 734 2638 XXXIV.
773 2602 966 2650 Corripuit.
995 2602 1210 2648 Contraxit,
1237 2602 1444 2646 imminuit,
1475 2608 1650 2637 monente
1676 2602 1777 2635 Tor—

380 2661 516 2697 rentio.
