1988 3439
226 291 347 306 Um*
353 292 413 306 m
417 284 1594 306 mmmmm-mmmmm

764 472 1052 540 NERO.

823 689 999 700 *—

220 864 252 905 I.
288 823 394 907 Ex
427 870 554 922 gente
586 861 782 907 Domitia
807 859 903 905 duae
934 859 1109 905 familiae
1143 859 1421 918 claruerunt,
1449 861 1596 907 Calvi-

218 958 376 986 norum
394 976 406 998 ,
431 951 473 985 et
504 941 865 986 AEnobarborum.
885 941 1125 986 AEnobarbi
1146 951 1366 986 auctorem
1394 943 1593 1005 originis,

219 1024 409 1083 itemque
444 1023 743 1084 cognominis,
780 1021 943 1066 habent
972 1024 1022 1066 L.
1051 1023 1296 1067 Domitium
1331 1041 1341 1067 ε
1381 1025 1450 1068 cui
1495 1042 1597 1069 rure

217 1103 441 1163 quondam
467 1104 700 1147 revertenti
725 1103 906 1164 juvenes
931 1104 1092 1164 gemini
1111 1104 1361 1166 augustiore
1385 1105 1524 1150 forma
1546 1123 1597 1150 ex

219 1200 404 1227 occursu
434 1184 668 1244 imperasse
701 1183 952 1239 traduntur,
980 1185 1206 1228 nunciaret
1233 1186 1400 1229 senatui
1435 1202 1486 1230 ac
1515 1203 1595 1247 po-

219 1262 324 1324 pulo
354 1264 611 1318 victoriam,
637 1262 689 1306 de
713 1279 799 1323 qua
835 1264 1047 1307 incertum
1078 1263 1221 1307 adhuc
1246 1275 1338 1309 erat
1364 1282 1373 1308 :
1399 1275 1528 1326 atque
1552 1267 1596 1309 in

219 1343 350 1387 fidem
380 1343 617 1403 majestatis
645 1343 753 1387 adeo
771 1342 1047 1404 permulsisse
1072 1343 1205 1388 malas
1221 1379 1232 1399 ,
1258 1354 1306 1388 ut
1335 1361 1357 1388 e
1382 1346 1508 1406 uigTo
1527 1362 1599 1389 ru-

218 1423 342 1467 tilum
358 1425 518 1484 aerique
542 1423 774 1467 assimilem
795 1423 999 1484 capillum
1015 1423 1258 1468 redderent.
1276 1425 1407 1482 Quod
1429 1427 1598 1487 insigne

219 1505 377 1547 mansit
403 1514 445 1547 et
472 1505 514 1547 in
545 1504 730 1564 posteris
759 1504 876 1563 ejus,
906 1520 955 1547 ac
982 1520 1138 1565 magna
1167 1521 1266 1565 pars
1299 1504 1430 1550 rutila
1463 1506 1599 1551 barba

222 1584 409 1628 fuerunt.
442 1584 597 1628 Functi
627 1594 772 1628 autem
802 1583 1100 1629 consulatibus
1124 1595 1317 1646 septem,
1346 1585 1599 1648 triumpho,

219 1681 491 1725 censuraque
515 1664 705 1727 duplici,
729 1675 770 1709 et
790 1666 903 1709 inter
926 1666 1132 1726 patricios
1161 1665 1325 1723 allecti,
1355 1684 1599 1729 persevera-

218 1755 323 1789 runt
355 1762 506 1789 omnes
540 1747 583 1789 in
622 1745 774 1789 eodem
819 1747 1095 1807 cognomine.
1134 1749 1197 1791 Ac
1240 1764 1294 1791 ne
1330 1748 1600 1808 praenomina

220 1826 396 1887 quidem
430 1825 546 1881 ulla,
579 1836 870 1887 praeterquam
904 1827 1014 1870 Cnei
1048 1837 1091 1871 et
1122 1828 1274 1882 Lucii,
1303 1837 1599 1889 usurparunt3

218 1924 352 1968 caque
376 1908 468 1968 ipsa
492 1906 674 1951 notabili
699 1908 932 1963 varietate,
954 1907 1084 1951 modo
1108 1909 1411 1953 continuantes
1437 1926 1598 1954 unum-

220 1987 425 2049 quodque
452 2005 529 2049 pcr
554 1988 692 2031 trinas
713 2004 940 2048 personas,
964 1988 1096 2031 modo
1123 1987 1386 2033 alternantes
1409 2006 1487 2050 per
1513 1990 1594 2033 siu-

223 2067 361 2130 gulas.
391 2070 503 2112 Nam
534 2069 724 2130 primum
751 2068 1076 2129 secundumque
1103 2086 1152 2113 ac
1179 2070 1354 2114 tertium
1382 2070 1598 2114 AEnobar-

222 2149 380 2192 borum
414 2149 598 2204 Lucios;
628 2158 859 2208 sequentes
890 2165 1039 2193 rursus
1073 2158 1160 2192 tres
1190 2166 1242 2193 ex
1273 2149 1427 2194 ordine
1458 2153 1599 2195 Cncos

222 2231 495 2290 accepimus;
522 2227 711 2289 reliquos
741 2229 914 2273 nonnisi
942 2230 1158 2286 vicissim,
1185 2240 1277 2274 tum
1302 2231 1481 2287 Lucios,
1506 2240 1599 2275 tum

223 2312 380 2354 Cneos.
411 2308 562 2353 Plures
594 2325 617 2352 e
647 2307 807 2352 familia
843 2310 1045 2369 cognosci
1085 2309 1245 2354 referre
1275 2310 1480 2367 arbitror,
1511 2328 1599 2371 quo

224 2388 396 2433 facilius
431 2399 663 2450 appareat,
690 2389 747 2432 ita
777 2387 1058 2449 degenerasse
1086 2405 1110 2432 a
1143 2406 1323 2434 suorum
1360 2391 1600 2435 virtutibus

224 2471 368 2525 Nero,
385 2479 433 2513 ut
453 2479 597 2513 tamen
617 2469 721 2512 vitia
740 2468 974 2529 cujusque,
996 2469 1117 2530 quasi
1143 2469 1300 2514 tradita
1320 2480 1363 2514 et
1387 2471 1599 2532 ingenita,

225 2549 435 2594 retulerit.
517 2604 521 2606 -

288 2632 343 2674 ΙΙ.
383 2632 443 2675 Ut
475 2631 608 2691 igitur
636 2631 765 2692 paulo
801 2632 929 2676 altius
961 2642 1181 2694 repetam,
1210 2642 1361 2676 atavus
1394 2633 1485 2692 ejus
1516 2634 1596 2675 Cn.

227 2712 442 2756 Domitius
462 2713 503 2755 in
526 2712 750 2756 tribunatu
770 2714 1051 2772 pontificibus
1070 2713 1290 2768 offensior,
1315 2712 1430 2773 quod
1445 2711 1598 2767 alium,
