1988 3407
519 241 584 278 DE
611 243 788 278 cLAms
816 245 1140 282 RHETomssus
1170 249 1331 284 LIBER.
1566 267 1613 300 ψ)

219 321 530 384 subtractoque
558 327 757 383 nomine,
779 347 799 368 «
821 328 1105 373 hordearium
1122 350 1143 372 n
1179 347 1278 375 eum
1305 352 1326 373 «
1347 334 1569 381 rhetorem
1593 360 1613 380 »

216 402 431 464 appellat,
463 405 692 464 deridens,
731 418 779 452 ut
816 409 1020 454 inflatum
1045 427 1096 456 ac
1124 409 1264 456 levem
1289 424 1333 458 et
1365 416 1609 463 sordidum.

278 486 358 530 111.
390 489 439 531 L.
466 487 682 533 Otacilius
710 488 867 535 Pilitus
894 493 1082 538 servisse
1110 493 1291 553 dicitur,
1313 506 1446 558 atque
1472 501 1605 545 etiam

214 566 418 611 ostiarius
445 570 579 612 veteri
616 586 737 614 more
768 571 812 614 in
835 582 991 618 catena
1026 573 1190 634 fuisse3
1221 575 1363 622 donec
1397 579 1454 622 ob
1481 581 1606 643 inge-

215 647 336 691 nium
358 665 408 693 ac
436 649 630 694 studium
652 649 898 698 litterarum
926 659 1222 703 manumissus
1238 692 1250 715 ,
1276 664 1501 706 accusanti
1524 681 1604 725 pa-

211 737 340 773 trono
380 730 654 793 subscripsit.
701 735 873 779 Deinde
917 737 1183 784 rhetoricam
1229 741 1480 802 professus,
1521 747 1604 791 Cn.

209 809 466 871 Pompeium
498 813 711 874 Magnum
748 815 924 872 docuit,
957 823 1185 881 patrisque
1210 824 1304 883 ejus
1333 841 1402 869 res
1431 837 1605 887 gestas,

208 905 289 934 nec
317 891 463 935 minus
497 892 661 954 ipsius,
697 896 1001 958 compluribus
1026 898 1150 945 libris
1175 905 1400 964 exposuit3
1431 907 1601 968 primus

205 971 405 1015 omnium
440 971 777 1033 libertinorum,
817 988 865 1023 ut
905 979 1138 1027 Cornelius
1177 985 1327 1046 Nepos
1368 988 1605 1048 opinatur,

203 1050 393 1097 scribere
415 1053 647 1100 historiam
677 1075 828 1115 orsus,
854 1077 941 1104 non
970 1063 1053 1107 nisi
1073 1064 1128 1108 ab
1156 1065 1468 1115 honestissimo
1494 1088 1604 1133 quo-

202 1147 287 1190 que
309 1133 442 1178 scribi
472 1134 659 1181 solitam.

265 1214 345 1258 IV.
367 1214 435 1258 Ad
461 1215 504 1259 id
529 1226 699 1279 tempus
723 1220 906 1282 Epidius
923 1258 933 1277 ,
958 1224 1182 1271 calumnia
1210 1239 1390 1274 notatus
1407 1266 1418 1288 ,
1446 1230 1600 1278 ludum

202 1292 375 1338 dicendi
400 1299 574 1357 aperuit
603 1316 612 1342 ε
643 1298 882 1363 docuitque
912 1305 1025 1349 inter
1053 1317 1222 1352 ceteros
1244 1311 1305 1354 M.
1328 1314 1598 1370 Antonium,

199 1384 242 1418 et
271 1378 537 1438 Augustum.
570 1380 745 1437 Quibus
780 1385 1004 1443 quondam
1034 1389 1082 1432 C.
1112 1390 1354 1450 Canutius,
1385 1393 1599 1454 objicien-

198 1455 314 1500 tibus
338 1457 443 1514 sibi,
469 1459 589 1519 quod
611 1461 655 1505 in
682 1463 911 1524 republica
937 1466 1288 1515 administranda
1315 1475 1595 1533 potissimum

197 1536 441 1583 consularis
463 1541 644 1585 Isaurici
669 1553 830 1588 sectam
856 1558 1137 1608 sequeretur,
1161 1571 1182 1592 «
1201 1551 1352 1609 Malle,
1370 1574 1391 1595 »
1418 1572 1600 1618 respon-

195 1616 279 1674 dit,
297 1637 319 1660 »
347 1621 560 1666 «Isaurici
582 1639 676 1667 esse
697 1624 964 1688 discipulum
980 1665 990 1683 ‚
1018 1647 1150 1691 quam
1177 1633 1325 1694 Epidii
1348 1635 1596 1683 calumnia-

194 1699 315 1744 toris.
338 1721 358 1743 »
388 1702 470 1746 Hic
496 1703 679 1764 Epidius
705 1717 854 1752 ortum
886 1727 931 1754 se
955 1711 1010 1755 ab
1039 1713 1200 1774 Epidio
1230 1717 1465 1763 Nuncione
1489 1737 1599 1782 prae-

195 1779 370 1825 dicabat
399 1800 407 1826 :
435 1800 565 1844 quem
587 1785 736 1831 ferunt
756 1787 861 1834 olim
889 1793 1211 1854 praecipitatum
1245 1797 1288 1840 in
1317 1798 1485 1844 fontem
1513 1801 1596 1847 ssu-

194 1861 324 1905 minis
361 1864 515 1921 Sarni,
556 1866 687 1926 paulo
728 1879 827 1929 post
864 1888 965 1916 cuni
1008 1876 1218 1922 cornibus
1262 1881 1505 1939 exstitisse,
1544 1900 1595 1928 ac

191 1943 337 1986 statim
361 1960 449 1988 non
471 1949 787 2008 comparuisse,
807 1952 848 1994 in
874 1969 1151 2016 numeroque
1167 1957 1353 2004 deorum
1374 1961 1591 2009 habitum.

259 2025 311 2068 V.
338 2026 496 2071 Sextus
530 2027 734 2086 Clodius,
765 2048 788 2075 e
817 2032 994 2091 Sicilia,
1023 2034 1168 2081 latinae
1192 2039 1322 2084 simul
1351 2059 1592 2105 graecaeque

190 2103 450 2166 eloquentiae
492 2110 739 2170 professor,
779 2113 891 2158 male
927 2116 1150 2175 oculatus,
1193 2130 1235 2164 et
1275 2121 1428 2181 dicax,
1469 2146 1490 2167 «
1511 2143 1592 2187 par

189 2186 420 2232 oculorum
452 2190 494 2233 in
521 2193 713 2237 amicitia
735 2196 796 2238 M.
815 2198 998 2241 Antonii
1025 2200 1244 2246 triumviri
1269 2205 1452 2250 extrisse
1474 2224 1544 2262 sc,
1567 2229 1588 2250 »

188 2267 347 2312 aiebat.
370 2270 575 2330 Ejusdem
601 2290 780 2320 uxorem
801 2277 1020 2335 Fulviam,
1046 2283 1118 2326 cui
1145 2282 1284 2329 altera
1303 2286 1442 2331 bucca
1464 2289 1588 2333 infla-

187 2350 273 2392 tior
294 2360 415 2406 erat,
441 2372 460 2392 «
483 2370 669 2399 acumen
699 2356 786 2401 stili
814 2368 1007 2418 tentare,
1026 2382 1046 2403 »
1071 2362 1203 2422 dixit,
1232 2383 1312 2411 nec
1336 2385 1388 2412 eo
1417 2371 1587 2426 miuus,

187 2430 321 2475 imino
361 2432 427 2476 vel
459 2436 620 2496 magis,
653 2438 708 2480 ob
738 2438 822 2484 hoc
859 2444 1055 2487 Antonio
1090 2455 1256 2506 gratus.
1291 2452 1324 2492 A
1367 2467 1456 2510 quo
1489 2470 1586 2496 mox

184 2512 365 2557 consule
396 2516 547 2577 ingcns
574 2520 706 2563 etiam
733 2525 1011 2583 congiarium
1038 2530 1237 2588 accepit,
1265 2540 1313 2574 ut
1339 2532 1377 2575 ei
1410 2534 1452 2576 in
1480 2535 1583 2578 Plii-

184 2591 357 2655 lippicis
388 2598 543 2641 Cicero
569 2600 720 2660 objicit
747 2620 754 2645 :
783 2623 802 2642 a
824 2604 1017 2651 Adhibes
1040 2609 1127 2668 joci
1160 2627 1291 2655 causa
1318 2615 1578 2675 magistrum

182 2674 394 2738 suffragio
430 2688 525 2732 tuo,
558 2691 596 2723 ct
635 2695 944 2744 compotorum
982 2698 1191 2749 tuorum,
1233 2693 1481 2752 rbctorcm3
1509 2699 1578 2741 cui

1346 2793 1368 2800 ,-,
