1971 3342
411 240 481 282 234
942 243 979 276 C.
1010 243 1240 278 SUETONH

409 340 538 383 quam
563 340 631 380 se,
659 323 700 366 in
730 325 861 384 patris
886 326 948 367 sui
978 324 1119 368 locum
1149 335 1447 385 cooptassent,
1468 326 1537 385 jus
1567 326 1762 369 sacerdo-

409 413 500 446 tum
526 403 901 465 subrogandorum
927 420 950 446 a
975 403 1164 465 collegiis
1189 405 1241 448 ad
1271 403 1479 465 populum
1508 405 1725 448 transtulit
1755 424 1762 448 z

408 499 456 525 ac
476 483 518 525 in
535 482 758 527 consulatu
772 517 783 539 ,
807 481 1110 543 Allobrogibus
1128 485 1416 544 Arvernisque
1439 486 1668 544 superatis,
1689 484 1765 528 ele—

410 563 573 623 phanto
598 580 675 623 per
696 563 961 622 provinciam
982 573 1130 606 vectus
1153 573 1241 620 est,
1267 564 1392 608 turba
1418 563 1626 619 militum,
1644 566 1766 625 quasi

409 643 521 686 inter
555 642 775 686 sollemnia
811 643 1046 703 triumphi,
1083 653 1383 703 prosequente.
1418 646 1468 688 In
1508 645 1625 687 hunc
1661 644 1766 687 dixit

409 722 602 766 Licinius
636 725 814 767 Crassus
852 732 1014 777 orator,
1049 724 1194 767 «Non
1226 739 1317 766 esse
1348 724 1618 780 mirandum,
1651 724 1767 784 quod

408 819 568 846 aeneam
587 803 766 847 barbam
785 803 988 859 haberet,
1013 804 1081 847 cui
1106 820 1153 847 os
1179 802 1366 847 ferreum
1382 837 1393 859 ‚
1419 820 1494 847 cor
1516 803 1767 864 plumbeum

409 893 527 926 esset.
552 903 572 924 υ
599 884 737 944 Hujus
770 883 883 928 filius
914 894 1071 944 praetor
1094 885 1142 928 C.
1170 886 1383 928 Caesarem
1412 884 1641 927 abeuntem
1666 901 1768 927 con·

409 961 577 1020 sulam,
604 980 733 1023 quem
759 964 965 1007 adversus
984 964 1173 1024 auspicia
1202 962 1401 1024 legesque
1425 964 1603 1024 gessisse
1625 964 1769 1007 existi—

408 1042 624 1098 mabatur,
647 1043 700 1086 ad
723 1043 1067 1103 disquisitionem
1095 1053 1267 1087 senatus
1290 1045 1458 1087 vocavit
1474 1061 1482 1086 :
1498 1060 1597 1087 mox
1620 1044 1769 1087 consul

409 1122 713 1181 imperatorem
745 1123 798 1165 ab
829 1124 1086 1167 exercitibus
1119 1121 1280 1184 gallicis
1307 1123 1526 1167 retrahere
1553 1124 1736 1167 tentavit
1760 1141 1768 1166 z

408 1217 711 1261 successorque
735 1203 772 1245 ei
790 1219 866 1262 per
888 1202 1117 1246 factionem
1137 1203 1384 1246 nominatus
1400 1237 1411 1258 ,
1437 1204 1649 1264 principio
1668 1204 1770 1246 civi-

408 1280 457 1323 lis
477 1280 578 1324 belli
604 1281 657 1325 ad
686 1282 931 1327 Corfinium
958 1293 1109 1343 captus
1130 1293 1205 1326 est.
1227 1283 1355 1326 Unde
1382 1283 1602 1340 dimissus,
1623 1284 1771 1327 Massi—

408 1359 561 1405 lienses
584 1362 810 1406 obsidione
838 1361 1084 1406 laborantes
1116 1380 1250 1423 quum
1280 1363 1468 1406 adventu
1502 1380 1580 1406 suo
1610 1363 1768 1406 confir—

408 1451 593 1498 masset,
634 1452 809 1502 repente
853 1442 1073 1498 destituit,
1109 1443 1284 1502 acieque
1318 1442 1490 1486 demum
1530 1442 1769 1503 pharsalica

409 1522 613 1564 occubuit
637 1538 646 1565 :
678 1522 744 1565 vir
769 1538 910 1582 neque
935 1523 1036 1566 satis
1061 1532 1282 1578 constans,
1308 1531 1350 1566 et
1374 1523 1549 1584 ingenio
1575 1524 1710 1566 truci:
1727 1524 1768 1566 in

408 1601 707 1661 desperatione
743 1618 911 1657 rerum,
950 1611 1134 1645 mortem
1153 1636 1165 1658 ‚
1213 1603 1368 1645 timore
1407 1604 1669 1662 appetitam,
1712 1604 1769 1646 ita

409 1682 609 1741 expavit⁷
643 1691 691 1724 ut
728 1682 930 1725 haustum
962 1698 1177 1725 venenum
1210 1683 1463 1742 poenitentia
1506 1684 1770 1737 evomuerit,

409 1761 709 1821 medicumque
741 1762 1061 1818 manumiserst,
1090 1761 1209 1821 quod
1237 1762 1317 1805 sibi
1344 1761 1534 1821 prudens
1559 1778 1607 1805 ac
1636 1763 1772 1806 sciens

410 1841 552 1884 minus
571 1841 748 1884 noxium
771 1851 1062 1901 temperasset.
1080 1840 1368 1885 Consultante
1393 1852 1538 1885 autem
1552 1844 1633 1886 Cn.
1649 1844 1773 1886 Pom-

410 1922 508 1981 peio
544 1920 596 1963 de
624 1921 776 1965 mediis
807 1937 855 1964 ac
887 1931 1086 1964 neutram
1116 1931 1282 1981 partem
1321 1921 1626 1980 sequentibus,
1655 1921 1770 1965 solus

407 2001 576 2044 censuit
602 2000 792 2044 hostium
821 2017 1003 2044 numero
1029 1999 1262 2043 habendos.

472 2083 548 2124 III.
573 2079 768 2140 Reliquit
790 2079 950 2133 filium,
969 2080 1169 2123 omnibus
1194 2081 1331 2140 gentis
1357 2097 1440 2124 suae
1464 2080 1614 2141 procul
1639 2080 1771 2125 dubio

407 2159 738 2220 praeferendum.
762 2161 804 2202 Is
829 2159 941 2202 inter
970 2161 1164 2203 conscios
1189 2161 1442 2204 Caesarianae
1463 2162 1600 2218 necis,
1621 2178 1771 2221 quam-

408 2256 539 2299 quam
570 2239 743 2296 insons,
773 2238 1001 2282 damnatus
1030 2237 1123 2300 lege
1151 2239 1308 2293 Pedia,
1333 2257 1467 2300 quum
1497 2239 1552 2283 ad
1576 2241 1770 2285 Cassium

406 2323 677 2380 Brutumque
700 2336 766 2375 se,
792 2320 1039 2380 propinqua
1065 2320 1143 2363 sibi
1171 2321 1427 2380 cognatione
1445 2320 1642 2380 junctos,
1667 2337 1770 2364 con-

407 2399 598 2455 tulisset,
624 2410 721 2460 post
742 2400 966 2460 utriusque
995 2401 1218 2443 interitum
1246 2399 1422 2443 classem
1447 2399 1549 2443 olim
1573 2400 1769 2444 commis·

407 2498 496 2523 sani
533 2481 711 2524 retinuit
747 2498 756 2524 z
789 2481 907 2524 auxit
937 2481 1089 2536 etiam3
1128 2496 1230 2535 nec,
1266 2480 1345 2522 nisi
1383 2481 1576 2540 partibus
1614 2480 1770 2539 ubique

413 2560 669 2621 profligatis,
697 2562 757 2604 M.
786 2561 977 2604 Antonio
998 2569 1173 2619 sponte,
1201 2569 1241 2602 ct
1271 2560 1454 2603 incentis
1484 2559 1621 2602 meriti
1652 2557 1769 2612 loco,

1318 2595 1341 2620 r>

411 2640 611 2695 trzulidit3
639 2640 839 2699 ,solusque¹
860 2641 1055 2682 oninium
1082 2657 1127 2681 «nx
1159 2642 1228 2694 iis,
1253 2642 1324 2698 qui
1348 2640 1436 2698 pari
1464 2638 1553 2698 lege
1578 2637 1768 2681 damnati
