1971 3342
348 216 392 257 Ἣ,
899 212 937 245 (ἶ.
971 210 1207 245 SUETONH

349 309 469 344 ctum
494 314 647 351 suum,
675 313 762 356 quo
789 295 998 356 jubebat,
1026 296 1140 337 intra
1167 292 1369 337 kalendas
1406 292 1598 336 octobris
1622 293 1743 335 Urbe

356 378 575 438 Italiaque
619 376 916 421 mathematici
946 374 1226 431 excederent,
1252 374 1399 418 statim
1443 371 1614 416 libellus
1638 389 1742 434 pro-

356 460 526 521 positus
550 468 642 514 est,
671 478 691 499 «
712 468 752 501 et
785 455 1017 501 Chaldaeos
1045 456 1240 510 edicere,
1267 455 1436 498 bonum
1473 453 1636 497 factum
1657 488 1668 508 ‚
1689 470 1744 497 ne

355 539 561 585 Vitellius
598 539 889 584 Germanicus
921 537 1036 581 intra
1075 536 1275 581 eumdem
1305 534 1593 579 kalendarum
1629 534 1743 579 diem

361 638 546 681 usquam
574 630 702 664 esset.
727 639 747 660 υ
772 621 1010 678 Suspectus
1031 628 1071 661 et
1098 619 1140 661 in
1161 627 1304 661 morte
1324 618 1474 660 matris
1502 616 1604 672 fuit,
1622 616 1745 676 quasi

356 720 481 764 aegrae
505 701 689 762 praeberi
709 699 858 743 cibum
877 698 1193 759 prohibuisset3
1215 698 1477 742 vaticinante
1497 699 1627 742 Catta
1650 713 1747 740 mu·

356 784 485 838 licre,
517 783 587 826 cui
614 780 732 825 velut
766 777 947 824 oraculo
980 780 1302 839 acquiescebat,
1335 798 1355 820 «
1375 780 1433 822 ita
1463 777 1640 822 demum
1670 778 1745 822 fir-

356 866 487 909 miter
522 880 571 907 ac
613 862 857 905 diutissime
896 861 1239 920 imperaturum,
1266 860 1297 902 si
1323 869 1543 920 superstes
1575 860 1747 920 parenti

354 946 602 990 exstitisset.
625 964 646 984 >2
684 941 769 987 Alii
804 940 1008 995 tradunt,
1044 941 1179 1000 ipsam
1212 940 1338 984 taedio
1364 942 1668 1001 praesentium,
1706 950 1747 984 et

361 1026 687 1070 imminentium
729 1033 869 1078 metu,
910 1038 1126 1065 venenum
1159 1038 1183 1064 a
1210 1020 1302 1065 filio
1329 1023 1602 1082 impetrasse,
1630 1021 1746 1065 haud

357 1125 461 1151 sane
483 1105 731 1151 difficulter.

428 1191 525 1232 XV.
562 1191 732 1233 Octavo
772 1186 943 1247 imperii
974 1202 1121 1229 mense
1146 1184 1426 1229 desciverunt
1461 1184 1516 1228 ab
1543 1201 1595 1228 eo
1630 1201 1751 1228 exer-

359 1272 470 1315 citus
513 1271 770 1314 Moesiarum
812 1278 946 1327 atque
997 1266 1260 1321 Pannoniae3
1298 1266 1402 1309 item
1445 1283 1496 1309 ex
1541 1276 1753 1310 transma-

360 1353 467 1396 rinis
500 1351 709 1396 Judaicus
753 1360 794 1393 et
831 1350 1071 1410 Syriacus:
1102 1365 1150 1391 ac
1193 1364 1291 1408 pars
1329 1349 1371 1390 in
1412 1347 1624 1402 absentis,
1652 1364 1753 1408 pars

360 1434 403 1477 in
436 1433 665 1495 praesentis
694 1432 954 1492 Vespasiani
986 1430 1117 1472 verba
1137 1429 1358 1489 jurarunt.
1384 1428 1454 1472 Ad
1475 1427 1751 1471 retinendum

361 1531 467 1576 ergo
511 1524 756 1557 ceterorum
799 1513 1027 1555 hominum
1063 1509 1257 1553 studium
1301 1526 1349 1552 ac
1386 1508 1603 1565 favorem,
1645 1507 1751 1551 nihil

362 1612 452 1639 nou
479 1593 653 1656 publice
674 1594 994 1653 privatimque,
1016 1590 1137 1634 nullo
1162 1589 1361 1633 adhibito
1386 1590 1544 1645 modo,
1573 1588 1754 1651 largitus

362 1686 442 1720 est.
482 1674 704 1719 Dilectum
745 1690 921 1734 quoque
959 1689 1008 1716 ea
1036 1671 1289 1715 conditione
1328 1672 1372 1714 in
1412 1671 1533 1715 Urbe
1563 1671 1681 1732 egit,
1707 1680 1754 1713 ut

361 1755 623 1800 voluntariis
667 1772 754 1799 non
795 1754 928 1797 modo
968 1753 1221 1796 missionem
1251 1762 1350 1812 post
1389 1752 1642 1807 victoriam,
1681 1750 1755 1794 sed

364 1839 496 1881 etiam
539 1848 850 1880 veteranorum
879 1835 1097 1895 justaeque
1128 1831 1292 1876 militiae
1320 1832 1551 1877 commoda
1577 1830 1756 1893 pollice-

364 1928 500 1962 retur.
526 1918 711 1979 Urgenti
737 1916 893 1960 deinde
920 1925 1036 1959 terra
1064 1915 1263 1975 marique
1289 1914 1429 1969 hosti,
1457 1913 1560 1957 hinc
1580 1913 1758 1957 fratrem

365 2017 464 2045 cum
492 1999 630 2043 classe
655 2015 704 2042 ac
728 1998 948 2041 tironibus
973 2006 1015 2040 et
1045 1995 1342 2057 gladiatorum
1369 2011 1499 2038 manu
1528 1993 1757 2055 opposuit3

365 2082 465 2125 hinc
493 2091 535 2124 et
565 2081 858 2124 betriacenses
885 2079 1034 2138 copias
1064 2087 1107 2120 et
1136 2076 1281 2120 duces.
1316 2078 1462 2136 Atque
1494 2075 1661 2135 ubique
1684 2083 1760 2118 aut

364 2171 616 2222 superatus,
647 2169 723 2203 aut
758 2158 982 2220 proditus,
1007 2157 1193 2201 salutem
1218 2157 1299 2200 sibi
1337 2166 1378 2199 et
1413 2154 1572 2199 millies
1599 2164 1755 2199 sester-

367 2243 477 2287 tium
501 2259 522 2285 a
545 2240 696 2284 Flavio
715 2240 899 2295 Sabino,
921 2239 1175 2299 Vespasiani
1196 2237 1352 2292 fratre,
1380 2236 1573 2297 pepigit:
1598 2235 1759 2278 statim-

367 2341 452 2384 que
478 2340 558 2384 pro
587 2321 795 2383 gradibus
821 2319 975 2365 Palatii
1018 2319 1136 2381 apud
1158 2318 1412 2379 frequentes
1442 2316 1623 2373 milites,
1645 2335 1666 2357 «
1687 2331 1756 2379 ce-

367 2405 470 2448 dere
504 2420 549 2447 se
583 2403 786 2465 imperio,
828 2401 947 2463 quod
975 2401 1137 2444 invitus
1176 2399 1430 2460 recepisset,
1452 2417 1472 2438 ›>
1509 2396 1727 2458 professus
1748 2430 1757 2446 ,

369 2486 538 2530 cunt-tis
569 2483 935 2538 reclamantibus,
977 2498 1068 2525 rem
1107 2479 1298 2535 distulit;
1332 2496 1382 2523 ae
1412 2488 1540 2522 nocte
1567 2478 1759 2534 interpo-

371 2569 480 2622 sita,
525 2569 669 2627 primo
700 2563 895 2608 diluculo
926 2562 1174 2606 sordidatus
1211 2559 1439 2604 descendit
1476 2558 1529 2601 ad
1568 2560 1726 2599 Rostra
1748 2591 1758 2604 ,

371 2646 605 2706 multisque
631 2662 729 2688 cum
757 2643 956 2703 lacrymis
978 2642 1128 2685 cadem
1157 2641 1252 2696 illa,
1279 2656 1428 2684 verum
1456 2655 1478 2681 e
1504 2634 1669 2689 libello,
1702 2646 1760 2677 te-
