1971 3342
419 247 492 282 206
949 246 985 280 C.
1017 246 1245 281 SUETONII

419 330 621 373 larentur.
655 329 775 385 Quin
804 338 846 371 et
876 328 1130 387 spectaculis
1169 327 1413 371 advenienti
1445 343 1696 388 assurgere,
1727 340 1767 373 et

419 409 611 453 lacernas
637 408 851 468 deponere
877 406 1086 452 solebant.
1112 409 1294 451 Senatus
1317 423 1513 466 quoque,
1537 417 1585 451 ut
1604 407 1659 451 ad
1679 425 1760 452 nu-

418 505 583 532 merum
607 487 815 531 sodalium
844 484 1134 546 augustalium
1157 496 1271 529 sorte
1297 485 1526 529 ductorum
1554 496 1673 530 extra
1698 504 1766 530 or-

417 568 561 610 dinem
587 566 867 626 adjiceretur,
886 565 1070 620 censuit3
1097 575 1140 608 et
1159 581 1286 620 mox,
1306 574 1354 608 ut
1377 564 1528 608 domus
1555 566 1613 622 ei,
1636 582 1765 625 quam

418 645 618 690 incendio
633 645 852 699 amiserat,
879 642 1050 704 publica
1074 644 1265 704 impensa
1288 644 1605 699 restitueretur,
1628 643 1772 688 dicen-

416 725 566 786 daeque
603 726 714 769 inter
741 722 985 767 consulares
1024 724 1243 766 sententiae
1272 724 1342 783 jus
1377 733 1498 767 esset.
1531 724 1663 782 Quod
1689 724 1766 768 de-

416 815 582 848 cretum
612 803 821 849 abolitum
862 813 948 859 est,
971 812 1200 846 excusante
1233 802 1405 847 Tiberio
1435 802 1770 848 imbecillitatem

417 885 531 944 ejus,
555 901 603 928 ac
630 884 835 928 damnum
856 881 1113 926 liberalitate
1137 898 1213 925 sua
1238 892 1503 925 resarturum
1523 882 1769 943 pollicente.

417 964 506 1020 Qui
531 973 674 1008 tamen
699 964 886 1007 moriens
916 971 957 1005 et
978 962 1021 1004 in
1041 962 1176 1004 tertiis
1199 960 1429 1004 heredibus
1459 978 1557 1004 eum
1585 978 1636 1005 ex
1654 971 1774 1022 parte

418 1043 544 1086 tertia
567 1052 889 1102 nuncupatum,
925 1040 1063 1101 legato
1085 1040 1214 1083 etiam
1238 1040 1351 1083 circa
1375 1042 1617 1084 sestertium
1643 1042 1772 1084 vicies

418 1131 694 1181 prosecutus,
724 1119 1040 1164 commendavit
1064 1119 1239 1178 insuper
1265 1119 1548 1174 exercitibus,
1573 1135 1621 1162 ac
1649 1136 1771 1163 sena-

418 1201 481 1244 tui
497 1199 746 1261 populoque
764 1215 944 1243 romano
963 1200 1074 1242 inter
1092 1207 1256 1242 ceteras
1278 1197 1614 1242 necessitudines
1641 1201 1777 1243 nomi-

420 1280 569 1323 natim.

482 1361 579 1403 VII.
615 1359 704 1403 Sub
734 1359 839 1404 Caio
865 1357 1037 1402 demum
1067 1357 1210 1403 fratris
1240 1356 1349 1413 filio,
1373 1356 1604 1401 secundam
1627 1358 1774 1402 existi-

423 1440 657 1482 mationem
698 1439 810 1482 circa
848 1439 970 1481 initia
1001 1437 1170 1497 imperii
1202 1436 1402 1480 omnibus
1431 1436 1656 1480 lenociniis
1685 1437 1774 1481 col-

419 1517 603 1578 ligente,
629 1517 815 1560 honores
840 1517 1106 1576 auspicatus,
1134 1515 1406 1559 consulatum
1435 1517 1562 1576 gessit
1586 1533 1670 1559 una
1701 1533 1776 1576 per

421 1597 528 1640 duos
552 1613 718 1640 menses
750 1613 759 1639 :
790 1596 1036 1655 evenitque,
1076 1605 1123 1638 ut
1149 1595 1348 1655 primitus
1384 1595 1646 1655 ingredienti
1674 1612 1773 1638 cum

420 1676 607 1720 fascibus
634 1678 815 1732 Forum,
838 1673 1144 1736 praetervolans
1168 1673 1311 1734 aquila
1331 1673 1572 1717 dexteriore
1592 1674 1775 1718 humero

419 1755 676 1799 consideret.
705 1755 893 1799 Sortitus
923 1764 985 1797 est
1020 1764 1062 1797 et
1089 1752 1140 1796 de
1170 1752 1304 1796 altero
1333 1752 1560 1796 consulatu
1577 1753 1620 1796 in
1646 1770 1777 1813 quar-

421 1845 513 1878 tum
547 1850 734 1890 annum3
772 1832 1055 1894 praeseditque
1088 1848 1403 1892 nonnunquam
1436 1831 1689 1891 spectaculis
1733 1834 1776 1876 in

419 1914 514 1957 Caii
548 1915 712 1970 vicem,
741 1913 1004 1957 acclamante
1045 1910 1230 1972 populo,
1271 1930 1290 1951 «
1318 1910 1516 1954 Feliciter
1536 1931 1582 1966 ,n
1617 1914 1773 1971 partim

420 2003 610 2053 «patruo
630 1993 900 2053 imperatoris
918 2012 962 2047 ,n
986 1992 1142 2051 partim
1168 2010 1188 2030 «
1207 1990 1458 2032 Germanici
1482 1989 1655 2033 fratri.»

483 2075 602 2117 VIII.
642 2075 734 2117 Nec
758 2089 808 2115 eo
828 2073 970 2115 minus
993 2068 1263 2113 contumeliis
1291 2070 1504 2112 obnoxius
1519 2071 1637 2113 vixit.
1664 2072 1776 2115 Nam

421 2152 512 2194 etsi
539 2150 667 2211 paulo
683 2152 817 2193 serius
842 2150 895 2193 ad
912 2149 1157 2209 praedictam
1182 2149 1473 2191 coenaehoram
1493 2151 1750 2193 occurrisset
1768 2185 1779 2206 ,

423 2248 510 2274 non
540 2232 622 2273 nisi
650 2246 784 2290 aigro,
822 2239 864 2272 ct
894 2230 1075 2273 circuito
1101 2228 1274 2271 ‹lcinum
1300 2227 1512 2284 triclinio,
1543 2229 1780 2289 recipieba-

423 2320 493 2354 tur
529 2327 538 2354 :
579 2320 644 2366 et,
682 2310 850 2369 quotics
889 2319 985 2369 post
1023 2309 1169 2352 cibum
1198 2308 1557 2363 addormisceret,
1590 2307 1705 2367 quod
1740 2308 1778 2350 ei

423 2390 507 2433 scre
543 2389 786 2443 accidebat,
819 2388 1010 2432 olearum
1049 2405 1096 2431 ac
1129 2387 1416 2448 palmularum
1445 2387 1610 2430 ossibus
1640 2388 1774 2429 inces-

423 2470 618 2512 sebatur:
640 2468 854 2512 interdum
874 2468 1008 2512 ferula
1032 2468 1218 2527 ssagrovc
1233 2501 1244 2522 ,
1268 2466 1386 2509 velut
1414 2483 1490 2527 por
1511 2465 1657 2509 ludum
1678 2499 1689 2519 ,
1711 2481 1778 2507 ex-

424 2549 638 2591 citabatur
661 2566 685 2591 a
709 2549 886 2608 coprcis.
913 2546 1118 2591 Solcbant
1140 2556 1178 2588 et
1203 2546 1401 2588 manibus
1427 2545 1640 2588 stcrtcntis
1666 2543 1774 2585 socci

426 2627 594 2681 induci,
615 2638 660 2671 ut
682 2637 858 2687 repente
884 2625 1205 2686 expergefactus
1232 2626 1381 2669 facicm
1399 2624 1476 2667 sibi
1504 2622 1774 2666 confricaret.
