<?xml version="1.0" encoding="UTF-8"?>
<!DOCTYPE html PUBLIC "-//W3C//DTD XHTML 1.0 Transitional//EN"
    "http://www.w3.org/TR/xhtml1/DTD/xhtml1-transitional.dtd">
<html xmlns="http://www.w3.org/1999/xhtml" xml:lang="en" lang="en">
 <head>
  <title>
</title>
<meta http-equiv="Content-Type" content="text/html;charset=utf-8" />
  <meta name='ocr-system' content='tesseract 3.04.00' />
  <meta name='ocr-capabilities' content='ocr_page ocr_carea ocr_par ocr_line ocrx_word'/>
</head>
<body>
  <div class='ocr_page' id='page_1' title='image "./operagro00suetuoft_0065.png"; bbox 0 0 1988 3439; ppageno 0'>
   <div class='ocr_carea' id='block_1_1' title="bbox 645 274 1549 320">
    <p class='ocr_par' dir='ltr' id='par_1_1' title="bbox 645 274 1549 320">
     <span class='ocr_line' id='line_1_1' title="bbox 645 274 1549 320; baseline -0.007 -9"><span class='ocrx_word' id='word_1_1' title='bbox 645 277 683 311; x_wconf 79' lang='lat' dir='ltr'>C.</span> <span class='ocrx_word' id='word_1_2' title='bbox 711 275 877 311; x_wconf 90' lang='lat' dir='ltr'>JULIUS</span> <span class='ocrx_word' id='word_1_3' title='bbox 897 274 1078 319; x_wconf 71' lang='lat' dir='ltr'>CJESAR.</span> <span class='ocrx_word' id='word_1_4' title='bbox 1504 275 1549 320; x_wconf 86' lang='lat'>37</span> 
     </span>
    </p>
   </div>
   <div class='ocr_carea' id='block_1_2' title="bbox 186 355 1578 2653">
    <p class='ocr_par' dir='ltr' id='par_1_2' title="bbox 186 355 1578 979">
     <span class='ocr_line' id='line_1_2' title="bbox 188 355 1552 417; baseline -0.004 -9"><span class='ocrx_word' id='word_1_5' title='bbox 188 364 341 408; x_wconf 81' lang='lat' dir='ltr'>Scaevae</span> <span class='ocrx_word' id='word_1_6' title='bbox 366 360 653 414; x_wconf 82' lang='lat' dir='ltr'>centurionis,</span> <span class='ocrx_word' id='word_1_7' title='bbox 680 356 745 401; x_wconf 94' lang='lat' dir='ltr'>vel</span> <span class='ocrx_word' id='word_1_8' title='bbox 773 360 820 402; x_wconf 89' lang='lat' dir='ltr'>C.</span> <span class='ocrx_word' id='word_1_9' title='bbox 847 356 970 401; x_wconf 90' lang='lat' dir='ltr'>Acilii</span> <span class='ocrx_word' id='word_1_10' title='bbox 996 355 1144 399; x_wconf 89' lang='lat' dir='ltr'>militis</span> <span class='ocrx_word' id='word_1_11' title='bbox 1172 373 1180 398; x_wconf 90' lang='lat'>:</span> <span class='ocrx_word' id='word_1_12' title='bbox 1207 374 1259 400; x_wconf 88' lang='lat' dir='ltr'>ne</span> <span class='ocrx_word' id='word_1_13' title='bbox 1282 357 1334 400; x_wconf 91' lang='lat' dir='ltr'>de</span> <span class='ocrx_word' id='word_1_14' title='bbox 1355 357 1552 417; x_wconf 91' lang='lat' dir='ltr'>pluribus</span> 
     </span>
     <span class='ocr_line' id='line_1_3' title="bbox 187 435 1552 493; baseline -0.002 -7"><span class='ocrx_word' id='word_1_15' title='bbox 187 441 380 485; x_wconf 83' lang='lat' dir='ltr'>reseram.</span> <span class='ocrx_word' id='word_1_16' title='bbox 420 442 588 493; x_wconf 85' lang='lat' dir='ltr'>Scaeva,</span> <span class='ocrx_word' id='word_1_17' title='bbox 625 454 808 481; x_wconf 83' lang='lat' dir='ltr'>excusso</span> <span class='ocrx_word' id='word_1_18' title='bbox 847 435 1000 492; x_wconf 91' lang='lat' dir='ltr'>oculo,</span> <span class='ocrx_word' id='word_1_19' title='bbox 1040 435 1276 480; x_wconf 82' lang='lat' dir='ltr'>transfixus</span> <span class='ocrx_word' id='word_1_20' title='bbox 1313 436 1473 482; x_wconf 86' lang='lat' dir='ltr'>femore</span> <span class='ocrx_word' id='word_1_21' title='bbox 1509 448 1552 483; x_wconf 89' lang='lat' dir='ltr'>et</span> 
     </span>
     <span class='ocr_line' id='line_1_4' title="bbox 186 515 1550 577; baseline -0.002 -12"><span class='ocrx_word' id='word_1_22' title='bbox 186 521 388 576; x_wconf 86' lang='lat' dir='ltr'>humero,</span> <span class='ocrx_word' id='word_1_23' title='bbox 408 528 579 563; x_wconf 87' lang='lat' dir='ltr'>centum</span> <span class='ocrx_word' id='word_1_24' title='bbox 600 527 642 560; x_wconf 91' lang='lat' dir='ltr'>et</span> <span class='ocrx_word' id='word_1_25' title='bbox 662 517 816 577; x_wconf 85' lang='lat' dir='ltr'>viginti</span> <span class='ocrx_word' id='word_1_26' title='bbox 834 516 987 559; x_wconf 88' lang='lat' dir='ltr'>ictibus</span> <span class='ocrx_word' id='word_1_27' title='bbox 1007 525 1129 559; x_wconf 90' lang='lat' dir='ltr'>scuto</span> <span class='ocrx_word' id='word_1_28' title='bbox 1150 515 1390 575; x_wconf 87' lang='lat' dir='ltr'>perforato,</span> <span class='ocrx_word' id='word_1_29' title='bbox 1412 528 1550 562; x_wconf 89' lang='lat' dir='ltr'>custo·</span> 
     </span>
     <span class='ocr_line' id='line_1_5' title="bbox 190 594 1551 660; baseline -0.002 -16"><span class='ocrx_word' id='word_1_30' title='bbox 190 600 302 644; x_wconf 87' lang='lat' dir='ltr'>diam</span> <span class='ocrx_word' id='word_1_31' title='bbox 327 608 461 660; x_wconf 86' lang='lat' dir='ltr'>portae</span> <span class='ocrx_word' id='word_1_32' title='bbox 484 597 700 641; x_wconf 87' lang='lat' dir='ltr'>commissi</span> <span class='ocrx_word' id='word_1_33' title='bbox 727 595 888 639; x_wconf 85' lang='lat' dir='ltr'>castelli</span> <span class='ocrx_word' id='word_1_34' title='bbox 916 595 1109 639; x_wconf 83' lang='lat' dir='ltr'>retinuit.</span> <span class='ocrx_word' id='word_1_35' title='bbox 1139 594 1306 639; x_wconf 90' lang='lat' dir='ltr'>Acilius</span> <span class='ocrx_word' id='word_1_36' title='bbox 1332 596 1473 640; x_wconf 87' lang='lat' dir='ltr'>navali</span> <span class='ocrx_word' id='word_1_37' title='bbox 1498 598 1551 641; x_wconf 92' lang='lat' dir='ltr'>ad</span> 
     </span>
     <span class='ocr_line' id='line_1_6' title="bbox 189 674 1550 738; baseline -0.001 -15"><span class='ocrx_word' id='word_1_38' title='bbox 189 678 421 723; x_wconf 83' lang='lat' dir='ltr'>Massiliam</span> <span class='ocrx_word' id='word_1_39' title='bbox 453 675 630 738; x_wconf 84' lang='lat' dir='ltr'>proelio,</span> <span class='ocrx_word' id='word_1_40' title='bbox 662 676 817 736; x_wconf 86' lang='lat' dir='ltr'>injecta</span> <span class='ocrx_word' id='word_1_41' title='bbox 854 676 897 718; x_wconf 92' lang='lat' dir='ltr'>in</span> <span class='ocrx_word' id='word_1_42' title='bbox 931 690 1121 735; x_wconf 85' lang='lat' dir='ltr'>puppem</span> <span class='ocrx_word' id='word_1_43' title='bbox 1151 674 1343 718; x_wconf 89' lang='lat' dir='ltr'>hostium</span> <span class='ocrx_word' id='word_1_44' title='bbox 1375 675 1550 734; x_wconf 83' lang='lat' dir='ltr'>dextra,</span> 
     </span>
     <span class='ocr_line' id='line_1_7' title="bbox 188 753 1552 817; baseline -0.002 -14"><span class='ocrx_word' id='word_1_45' title='bbox 188 768 230 804; x_wconf 88' lang='lat' dir='ltr'>et</span> <span class='ocrx_word' id='word_1_46' title='bbox 261 758 474 814; x_wconf 88' lang='lat' dir='ltr'>abscissa,</span> <span class='ocrx_word' id='word_1_47' title='bbox 510 755 790 800; x_wconf 84' lang='lat' dir='ltr'>memorabile</span> <span class='ocrx_word' id='word_1_48' title='bbox 827 754 933 798; x_wconf 88' lang='lat' dir='ltr'>illud</span> <span class='ocrx_word' id='word_1_49' title='bbox 969 753 1085 814; x_wconf 84' lang='lat' dir='ltr'>apud</span> <span class='ocrx_word' id='word_1_50' title='bbox 1122 755 1298 798; x_wconf 87' lang='lat' dir='ltr'>Graecos</span> <span class='ocrx_word' id='word_1_51' title='bbox 1335 756 1552 817; x_wconf 86' lang='lat' dir='ltr'>Cynaegiri</span> 
     </span>
     <span class='ocr_line' id='line_1_8' title="bbox 187 834 1552 899; baseline -0.002 -16"><span class='ocrx_word' id='word_1_52' title='bbox 187 837 430 899; x_wconf 81' lang='lat' dir='ltr'>exemplum</span> <span class='ocrx_word' id='word_1_53' title='bbox 451 838 664 892; x_wconf 88' lang='lat' dir='ltr'>imitatus,</span> <span class='ocrx_word' id='word_1_54' title='bbox 687 834 906 879; x_wconf 84' lang='lat' dir='ltr'>transiluit</span> <span class='ocrx_word' id='word_1_55' title='bbox 930 834 972 876; x_wconf 92' lang='lat' dir='ltr'>in</span> <span class='ocrx_word' id='word_1_56' title='bbox 998 849 1171 890; x_wconf 86' lang='lat' dir='ltr'>navem,</span> <span class='ocrx_word' id='word_1_57' title='bbox 1194 835 1383 878; x_wconf 91' lang='lat' dir='ltr'>umbone</span> <span class='ocrx_word' id='word_1_58' title='bbox 1402 836 1552 881; x_wconf 91' lang='lat' dir='ltr'>obvios</span> 
     </span>
     <span class='ocr_line' id='line_1_9' title="bbox 187 923 1578 979; baseline 0.001 -18"><span class='ocrx_word' id='word_1_59' title='bbox 187 935 329 979; x_wconf 86' lang='lat' dir='ltr'>agens.</span> <span class='ocrx_word' id='word_1_60' title='bbox 1575 923 1578 940; x_wconf 84' lang='lat'><strong>¹</strong></span> 
     </span>
    </p>

    <p class='ocr_par' dir='ltr' id='par_1_3' title="bbox 188 995 1558 1697">
     <span class='ocr_line' id='line_1_10' title="bbox 251 995 1553 1058; baseline 0.002 -16"><span class='ocrx_word' id='word_1_61' title='bbox 251 1000 409 1044; x_wconf 91' lang='lat' dir='ltr'>LXIX.</span> <span class='ocrx_word' id='word_1_62' title='bbox 449 997 713 1043; x_wconf 81' lang='lat' dir='ltr'>Seditionem</span> <span class='ocrx_word' id='word_1_63' title='bbox 745 1013 821 1058; x_wconf 89' lang='lat' dir='ltr'>per</span> <span class='ocrx_word' id='word_1_64' title='bbox 855 996 1004 1040; x_wconf 91' lang='lat' dir='ltr'>decem</span> <span class='ocrx_word' id='word_1_65' title='bbox 1042 1011 1178 1039; x_wconf 89' lang='lat' dir='ltr'>annos</span> <span class='ocrx_word' id='word_1_66' title='bbox 1214 995 1393 1042; x_wconf 87' lang='lat' dir='ltr'>Gallicis</span> <span class='ocrx_word' id='word_1_67' title='bbox 1431 1000 1553 1046; x_wconf 90' lang='lat' dir='ltr'>bellis</span> 
     </span>
     <span class='ocr_line' id='line_1_11' title="bbox 191 1074 1554 1135; baseline 0 -10"><span class='ocrx_word' id='word_1_68' title='bbox 191 1079 351 1125; x_wconf 86' lang='lat' dir='ltr'>nullam</span> <span class='ocrx_word' id='word_1_69' title='bbox 375 1079 553 1124; x_wconf 91' lang='lat' dir='ltr'>omnino</span> <span class='ocrx_word' id='word_1_70' title='bbox 574 1087 825 1133; x_wconf 85' lang='lat' dir='ltr'>moverunt,</span> <span class='ocrx_word' id='word_1_71' title='bbox 846 1075 1045 1120; x_wconf 90' lang='lat' dir='ltr'>civilibus</span> <span class='ocrx_word' id='word_1_72' title='bbox 1065 1074 1250 1135; x_wconf 78' lang='lat' dir='ltr'>aliqua53</span> <span class='ocrx_word' id='word_1_73' title='bbox 1274 1077 1348 1121; x_wconf 90' lang='lat' dir='ltr'>sed</span> <span class='ocrx_word' id='word_1_74' title='bbox 1375 1091 1423 1123; x_wconf 93' lang='lat' dir='ltr'>ut</span> <span class='ocrx_word' id='word_1_75' title='bbox 1445 1081 1554 1125; x_wconf 88' lang='lat' dir='ltr'>celc-</span> 
     </span>
     <span class='ocr_line' id='line_1_12' title="bbox 188 1158 1554 1220; baseline 0.001 -17"><span class='ocrx_word' id='word_1_76' title='bbox 188 1161 295 1204; x_wconf 81' lang='lat' dir='ltr'>riter</span> <span class='ocrx_word' id='word_1_77' title='bbox 323 1159 376 1204; x_wconf 93' lang='lat' dir='ltr'>ad</span> <span class='ocrx_word' id='word_1_78' title='bbox 409 1160 598 1204; x_wconf 84' lang='lat' dir='ltr'>officium</span> <span class='ocrx_word' id='word_1_79' title='bbox 630 1160 854 1206; x_wconf 76' lang='lat' dir='ltr'>redierint,</span> <span class='ocrx_word' id='word_1_80' title='bbox 889 1176 967 1203; x_wconf 88' lang='lat' dir='ltr'>nec</span> <span class='ocrx_word' id='word_1_81' title='bbox 1003 1168 1093 1202; x_wconf 89' lang='lat' dir='ltr'>tam</span> <span class='ocrx_word' id='word_1_82' title='bbox 1130 1158 1401 1220; x_wconf 82' lang='lat' dir='ltr'>indulgentia</span> <span class='ocrx_word' id='word_1_83' title='bbox 1432 1159 1554 1205; x_wconf 86' lang='lat' dir='ltr'>ducis</span> 
     </span>
     <span class='ocr_line' id='line_1_13' title="bbox 190 1239 1554 1301; baseline 0 -19"><span class='ocrx_word' id='word_1_84' title='bbox 190 1256 320 1298; x_wconf 86' lang='lat' dir='ltr'>quam</span> <span class='ocrx_word' id='word_1_85' title='bbox 346 1242 610 1285; x_wconf 88' lang='lat' dir='ltr'>auctoritate.</span> <span class='ocrx_word' id='word_1_86' title='bbox 640 1243 741 1285; x_wconf 88' lang='lat' dir='ltr'>Non</span> <span class='ocrx_word' id='word_1_87' title='bbox 767 1245 882 1285; x_wconf 86' lang='lat' dir='ltr'>enim</span> <span class='ocrx_word' id='word_1_88' title='bbox 908 1245 1031 1285; x_wconf 85' lang='lat' dir='ltr'>cessit</span> <span class='ocrx_word' id='word_1_89' title='bbox 1058 1257 1251 1301; x_wconf 84' lang='lat' dir='ltr'>unquam</span> <span class='ocrx_word' id='word_1_90' title='bbox 1280 1239 1554 1283; x_wconf 81' lang='lat' dir='ltr'>tumultuan-</span> 
     </span>
     <span class='ocr_line' id='line_1_14' title="bbox 192 1319 1555 1380; baseline 0.001 -20"><span class='ocrx_word' id='word_1_91' title='bbox 192 1319 324 1374; x_wconf 85' lang='lat' dir='ltr'>tibus,</span> <span class='ocrx_word' id='word_1_92' title='bbox 349 1330 476 1379; x_wconf 88' lang='lat' dir='ltr'>atque</span> <span class='ocrx_word' id='word_1_93' title='bbox 500 1322 625 1364; x_wconf 88' lang='lat' dir='ltr'>ctiam</span> <span class='ocrx_word' id='word_1_94' title='bbox 651 1321 822 1364; x_wconf 76' lang='lat' dir='ltr'>obviam</span> <span class='ocrx_word' id='word_1_95' title='bbox 848 1338 1014 1380; x_wconf 88' lang='lat' dir='ltr'>semper</span> <span class='ocrx_word' id='word_1_96' title='bbox 1041 1322 1099 1363; x_wconf 93' lang='lat' dir='ltr'>iit.</span> <span class='ocrx_word' id='word_1_97' title='bbox 1123 1323 1177 1364; x_wconf 86' lang='lat' dir='ltr'>Et</span> <span class='ocrx_word' id='word_1_98' title='bbox 1200 1336 1358 1363; x_wconf 88' lang='lat' dir='ltr'>nonam</span> <span class='ocrx_word' id='word_1_99' title='bbox 1378 1320 1555 1379; x_wconf 89' lang='lat' dir='ltr'>quidem</span> 
     </span>
     <span class='ocr_line' id='line_1_15' title="bbox 190 1397 1554 1459; baseline 0.002 -19"><span class='ocrx_word' id='word_1_100' title='bbox 190 1397 400 1458; x_wconf 79' lang='lat' dir='ltr'>legionem</span> <span class='ocrx_word' id='word_1_101' title='bbox 432 1399 547 1459; x_wconf 87' lang='lat' dir='ltr'>apud</span> <span class='ocrx_word' id='word_1_102' title='bbox 579 1399 864 1455; x_wconf 80' lang='lat' dir='ltr'>Placentiam,</span> <span class='ocrx_word' id='word_1_103' title='bbox 893 1416 1157 1459; x_wconf 89' lang='lat' dir='ltr'>quamquam</span> <span class='ocrx_word' id='word_1_104' title='bbox 1184 1400 1227 1441; x_wconf 89' lang='lat' dir='ltr'>in</span> <span class='ocrx_word' id='word_1_105' title='bbox 1254 1399 1385 1441; x_wconf 88' lang='lat' dir='ltr'>armis</span> <span class='ocrx_word' id='word_1_106' title='bbox 1413 1400 1554 1443; x_wconf 88' lang='lat' dir='ltr'>adhuc</span> 
     </span>
     <span class='ocr_line' id='line_1_16' title="bbox 190 1478 1555 1539; baseline 0.001 -19"><span class='ocrx_word' id='word_1_107' title='bbox 190 1487 297 1521; x_wconf 86' lang='lat' dir='ltr'>esset</span> <span class='ocrx_word' id='word_1_108' title='bbox 330 1479 586 1539; x_wconf 88' lang='lat' dir='ltr'>Pompeius,</span> <span class='ocrx_word' id='word_1_109' title='bbox 624 1488 758 1522; x_wconf 86' lang='lat' dir='ltr'>totam</span> <span class='ocrx_word' id='word_1_110' title='bbox 793 1495 892 1523; x_wconf 88' lang='lat' dir='ltr'>cum</span> <span class='ocrx_word' id='word_1_111' title='bbox 927 1479 1163 1539; x_wconf 87' lang='lat' dir='ltr'>ignominia</span> <span class='ocrx_word' id='word_1_112' title='bbox 1201 1479 1374 1521; x_wconf 86' lang='lat' dir='ltr'>missam</span> <span class='ocrx_word' id='word_1_113' title='bbox 1410 1478 1511 1522; x_wconf 89' lang='lat' dir='ltr'>fecit</span> <span class='ocrx_word' id='word_1_114' title='bbox 1546 1496 1555 1522; x_wconf 76' lang='grc' dir='ltr'><strong><em>ε</em></strong></span> 
     </span>
     <span class='ocr_line' id='line_1_17' title="bbox 190 1557 1558 1619; baseline 0.001 -19"><span class='ocrx_word' id='word_1_115' title='bbox 190 1573 404 1618; x_wconf 82' lang='lat' dir='ltr'>aegreque,</span> <span class='ocrx_word' id='word_1_116' title='bbox 425 1567 521 1618; x_wconf 90' lang='lat' dir='ltr'>post</span> <span class='ocrx_word' id='word_1_117' title='bbox 540 1557 699 1601; x_wconf 87' lang='lat' dir='ltr'>multas</span> <span class='ocrx_word' id='word_1_118' title='bbox 718 1568 760 1601; x_wconf 88' lang='lat' dir='ltr'>ct</span> <span class='ocrx_word' id='word_1_119' title='bbox 781 1557 996 1619; x_wconf 89' lang='lat' dir='ltr'>supplices</span> <span class='ocrx_word' id='word_1_120' title='bbox 1016 1574 1184 1619; x_wconf 79' lang='lat' dir='ltr'>preces.</span> <span class='ocrx_word' id='word_1_121' title='bbox 1208 1574 1284 1601; x_wconf 87' lang='lat' dir='ltr'>nec</span> <span class='ocrx_word' id='word_1_122' title='bbox 1306 1558 1388 1601; x_wconf 89' lang='lat' dir='ltr'>nisi</span> <span class='ocrx_word' id='word_1_123' title='bbox 1410 1568 1558 1602; x_wconf 80' lang='lat' dir='ltr'>exacta</span> 
     </span>
     <span class='ocr_line' id='line_1_18' title="bbox 192 1635 874 1697; baseline 0.003 -18"><span class='ocrx_word' id='word_1_124' title='bbox 192 1635 245 1680; x_wconf 88' lang='lat' dir='ltr'>de</span> <span class='ocrx_word' id='word_1_125' title='bbox 272 1637 466 1680; x_wconf 88' lang='lat' dir='ltr'>sontibus</span> <span class='ocrx_word' id='word_1_126' title='bbox 490 1653 643 1697; x_wconf 87' lang='lat' dir='ltr'>poena,</span> <span class='ocrx_word' id='word_1_127' title='bbox 674 1639 874 1681; x_wconf 88' lang='lat' dir='ltr'>restituit.</span> 
     </span>
    </p>

    <p class='ocr_par' dir='ltr' id='par_1_4' title="bbox 194 1718 1563 2496">
     <span class='ocr_line' id='line_1_19' title="bbox 255 1718 1556 1779; baseline 0.001 -19"><span class='ocrx_word' id='word_1_128' title='bbox 255 1718 389 1760; x_wconf 86' lang='lat' dir='ltr'><strong>LXX.</strong></span> <span class='ocrx_word' id='word_1_129' title='bbox 427 1718 702 1761; x_wconf 88' lang='lat' dir='ltr'>Decumanos</span> <span class='ocrx_word' id='word_1_130' title='bbox 724 1727 869 1761; x_wconf 88' lang='lat' dir='ltr'>autem</span> <span class='ocrx_word' id='word_1_131' title='bbox 893 1721 1057 1775; x_wconf 80' lang='lat' dir='ltr'>Romae,</span> <span class='ocrx_word' id='word_1_132' title='bbox 1080 1735 1179 1762; x_wconf 87' lang='lat' dir='ltr'>cum</span> <span class='ocrx_word' id='word_1_133' title='bbox 1204 1719 1452 1779; x_wconf 86' lang='lat' dir='ltr'>ingentibus</span> <span class='ocrx_word' id='word_1_134' title='bbox 1473 1719 1556 1761; x_wconf 91' lang='lat' dir='ltr'>mi—</span> 
     </span>
     <span class='ocr_line' id='line_1_20' title="bbox 195 1797 1558 1859; baseline 0.001 -19"><span class='ocrx_word' id='word_1_135' title='bbox 195 1798 281 1853; x_wconf 89' lang='lat' dir='ltr'>nis,</span> <span class='ocrx_word' id='word_1_136' title='bbox 305 1813 560 1856; x_wconf 87' lang='lat' dir='ltr'>summoque</span> <span class='ocrx_word' id='word_1_137' title='bbox 581 1797 709 1840; x_wconf 87' lang='lat' dir='ltr'>etiam</span> <span class='ocrx_word' id='word_1_138' title='bbox 733 1797 852 1840; x_wconf 91' lang='lat' dir='ltr'>urbis</span> <span class='ocrx_word' id='word_1_139' title='bbox 877 1798 1089 1857; x_wconf 90' lang='lat' dir='ltr'>periculo,</span> <span class='ocrx_word' id='word_1_140' title='bbox 1112 1798 1359 1841; x_wconf 88' lang='lat' dir='ltr'>missionem</span> <span class='ocrx_word' id='word_1_141' title='bbox 1383 1807 1424 1841; x_wconf 88' lang='lat' dir='ltr'>et</span> <span class='ocrx_word' id='word_1_142' title='bbox 1448 1815 1558 1859; x_wconf 81' lang='lat' dir='ltr'>proe-</span> 
     </span>
     <span class='ocr_line' id='line_1_21' title="bbox 197 1876 1562 1938; baseline 0.001 -19"><span class='ocrx_word' id='word_1_143' title='bbox 197 1878 281 1920; x_wconf 89' lang='lat' dir='ltr'>mia</span> <span class='ocrx_word' id='word_1_144' title='bbox 302 1877 564 1937; x_wconf 82' lang='lat' dir='ltr'>flagitantes,</span> <span class='ocrx_word' id='word_1_145' title='bbox 585 1877 761 1920; x_wconf 82' lang='lat' dir='ltr'>ardente</span> <span class='ocrx_word' id='word_1_146' title='bbox 783 1887 887 1920; x_wconf 91' lang='lat' dir='ltr'>tunc</span> <span class='ocrx_word' id='word_1_147' title='bbox 908 1878 950 1920; x_wconf 94' lang='lat' dir='ltr'>in</span> <span class='ocrx_word' id='word_1_148' title='bbox 970 1877 1111 1921; x_wconf 83' lang='lat' dir='ltr'>Africa</span> <span class='ocrx_word' id='word_1_149' title='bbox 1131 1876 1265 1934; x_wconf 90' lang='lat' dir='ltr'>bello,</span> <span class='ocrx_word' id='word_1_150' title='bbox 1285 1893 1425 1938; x_wconf 88' lang='lat' dir='ltr'>neque</span> <span class='ocrx_word' id='word_1_151' title='bbox 1443 1877 1562 1921; x_wconf 87' lang='lat' dir='ltr'>adire</span> 
     </span>
     <span class='ocr_line' id='line_1_22' title="bbox 194 1956 1562 2017; baseline 0.001 -18"><span class='ocrx_word' id='word_1_152' title='bbox 194 1965 420 2000; x_wconf 88' lang='lat' dir='ltr'>cunctatus</span> <span class='ocrx_word' id='word_1_153' title='bbox 452 1966 537 2013; x_wconf 90' lang='lat' dir='ltr'>est,</span> <span class='ocrx_word' id='word_1_154' title='bbox 570 1973 834 2016; x_wconf 89' lang='lat' dir='ltr'>quamquam</span> <span class='ocrx_word' id='word_1_155' title='bbox 867 1956 1182 2001; x_wconf 83' lang='lat' dir='ltr'>deterrentibus</span> <span class='ocrx_word' id='word_1_156' title='bbox 1213 1958 1388 2012; x_wconf 88' lang='lat' dir='ltr'>amicis,</span> <span class='ocrx_word' id='word_1_157' title='bbox 1423 1973 1562 2017; x_wconf 90' lang='lat' dir='ltr'>neque</span> 
     </span>
     <span class='ocr_line' id='line_1_23' title="bbox 196 2035 1560 2097; baseline 0.001 -19"><span class='ocrx_word' id='word_1_158' title='bbox 196 2035 408 2080; x_wconf 86' lang='lat' dir='ltr'>dimittere</span> <span class='ocrx_word' id='word_1_159' title='bbox 437 2053 445 2079; x_wconf 93' lang='lat'><strong>:</strong></span> <span class='ocrx_word' id='word_1_160' title='bbox 475 2035 549 2079; x_wconf 87' lang='lat' dir='ltr'>sed</span> <span class='ocrx_word' id='word_1_161' title='bbox 578 2052 664 2079; x_wconf 90' lang='lat' dir='ltr'>una</span> <span class='ocrx_word' id='word_1_162' title='bbox 691 2052 817 2093; x_wconf 77' lang='lat' dir='ltr'>voce,</span> <span class='ocrx_word' id='word_1_163' title='bbox 844 2053 930 2096; x_wconf 88' lang='lat' dir='ltr'>qua</span> <span class='ocrx_word' id='word_1_164' title='bbox 964 2036 1154 2094; x_wconf 71' lang='lat' dir='ltr'>Quirites</span> <span class='ocrx_word' id='word_1_165' title='bbox 1178 2052 1249 2079; x_wconf 90' lang='lat' dir='ltr'>cos</span> <span class='ocrx_word' id='word_1_166' title='bbox 1266 2071 1277 2092; x_wconf 88' lang='lat'>,</span> <span class='ocrx_word' id='word_1_167' title='bbox 1303 2053 1382 2097; x_wconf 90' lang='lat' dir='ltr'>pro</span> <span class='ocrx_word' id='word_1_168' title='bbox 1414 2035 1560 2079; x_wconf 91' lang='lat' dir='ltr'>militi-</span> 
     </span>
     <span class='ocr_line' id='line_1_24' title="bbox 198 2114 1562 2177; baseline 0 -18"><span class='ocrx_word' id='word_1_169' title='bbox 198 2116 277 2159; x_wconf 88' lang='lat' dir='ltr'>bus</span> <span class='ocrx_word' id='word_1_170' title='bbox 294 2150 305 2172; x_wconf 92' lang='lat'>,</span> <span class='ocrx_word' id='word_1_171' title='bbox 333 2114 595 2177; x_wconf 86' lang='lat' dir='ltr'>appellarat,</span> <span class='ocrx_word' id='word_1_172' title='bbox 622 2125 710 2159; x_wconf 89' lang='lat' dir='ltr'>tam</span> <span class='ocrx_word' id='word_1_173' title='bbox 736 2115 857 2160; x_wconf 87' lang='lat' dir='ltr'>facile</span> <span class='ocrx_word' id='word_1_174' title='bbox 884 2117 1164 2176; x_wconf 82' lang='lat' dir='ltr'>circumegit,</span> <span class='ocrx_word' id='word_1_175' title='bbox 1190 2126 1232 2160; x_wconf 89' lang='lat' dir='ltr'>et</span> <span class='ocrx_word' id='word_1_176' title='bbox 1256 2116 1400 2172; x_wconf 76' lang='lat' dir='ltr'>flexit,</span> <span class='ocrx_word' id='word_1_177' title='bbox 1427 2125 1474 2159; x_wconf 92' lang='lat' dir='ltr'>ut</span> <span class='ocrx_word' id='word_1_178' title='bbox 1498 2119 1562 2173; x_wconf 86' lang='lat' dir='ltr'>ei,</span> 
     </span>
     <span class='ocr_line' id='line_1_25' title="bbox 198 2195 1562 2258; baseline 0.003 -23"><span class='ocrx_word' id='word_1_179' title='bbox 198 2195 346 2239; x_wconf 76' lang='lat' dir='ltr'>lm&#39;lc&#39;tes</span> <span class='ocrx_word' id='word_1_180' title='bbox 377 2212 488 2249; x_wconf 82' lang='lat' dir='ltr'>esse,</span> <span class='ocrx_word' id='word_1_181' title='bbox 523 2196 746 2240; x_wconf 88' lang='lat' dir='ltr'>confestim</span> <span class='ocrx_word' id='word_1_182' title='bbox 780 2196 1102 2258; x_wconf 86' lang='lat' dir='ltr'>responderint,</span> <span class='ocrx_word' id='word_1_183' title='bbox 1135 2206 1178 2239; x_wconf 89' lang='lat' dir='ltr'>et</span> <span class='ocrx_word' id='word_1_184' title='bbox 1211 2198 1406 2256; x_wconf 87' lang='lat' dir='ltr'>quamvis</span> <span class='ocrx_word' id='word_1_185' title='bbox 1437 2212 1562 2239; x_wconf 80' lang='lat' dir='ltr'>recu-</span> 
     </span>
     <span class='ocr_line' id='line_1_26' title="bbox 199 2275 1563 2337; baseline 0 -19"><span class='ocrx_word' id='word_1_186' title='bbox 199 2285 364 2318; x_wconf 84' lang='lat' dir='ltr'>santem</span> <span class='ocrx_word' id='word_1_187' title='bbox 388 2275 503 2318; x_wconf 90' lang='lat' dir='ltr'>ultro</span> <span class='ocrx_word' id='word_1_188' title='bbox 526 2277 568 2318; x_wconf 93' lang='lat' dir='ltr'>in</span> <span class='ocrx_word' id='word_1_189' title='bbox 594 2276 781 2320; x_wconf 80' lang='lat' dir='ltr'>Africam</span> <span class='ocrx_word' id='word_1_190' title='bbox 807 2278 891 2319; x_wconf 91' lang='lat' dir='ltr'>sint</span> <span class='ocrx_word' id='word_1_191' title='bbox 916 2278 1051 2320; x_wconf 86' lang='lat' dir='ltr'>secuti</span> <span class='ocrx_word' id='word_1_192' title='bbox 1076 2294 1084 2320; x_wconf 91' lang='lat'>:</span> <span class='ocrx_word' id='word_1_193' title='bbox 1110 2293 1158 2320; x_wconf 89' lang='lat' dir='ltr'>ac</span> <span class='ocrx_word' id='word_1_194' title='bbox 1181 2278 1240 2320; x_wconf 87' lang='lat' dir='ltr'>sic</span> <span class='ocrx_word' id='word_1_195' title='bbox 1262 2293 1435 2337; x_wconf 87' lang='lat' dir='ltr'>quoquc</span> <span class='ocrx_word' id='word_1_196' title='bbox 1456 2275 1563 2320; x_wconf 80' lang='lat' dir='ltr'>sedi-</span> 
     </span>
     <span class='ocr_line' id='line_1_27' title="bbox 205 2355 1562 2416; baseline 0 -18"><span class='ocrx_word' id='word_1_197' title='bbox 205 2356 478 2399; x_wconf 84' lang='lat' dir='ltr'>tiosissimum</span> <span class='ocrx_word' id='word_1_198' title='bbox 511 2371 726 2415; x_wconf 83' lang='lat' dir='ltr'>quemque</span> <span class='ocrx_word' id='word_1_199' title='bbox 756 2365 797 2398; x_wconf 92' lang='lat' dir='ltr'>et</span> <span class='ocrx_word' id='word_1_200' title='bbox 828 2355 982 2416; x_wconf 82' lang='lat' dir='ltr'>praedae</span> <span class='ocrx_word' id='word_1_201' title='bbox 1011 2366 1053 2398; x_wconf 91' lang='lat' dir='ltr'>et</span> <span class='ocrx_word' id='word_1_202' title='bbox 1084 2357 1175 2416; x_wconf 85' lang='lat' dir='ltr'>agri</span> <span class='ocrx_word' id='word_1_203' title='bbox 1204 2355 1405 2399; x_wconf 86' lang='lat' dir='ltr'>destinati</span> <span class='ocrx_word' id='word_1_204' title='bbox 1437 2357 1562 2400; x_wconf 87' lang='lat' dir='ltr'>tertia</span> 
     </span>
     <span class='ocr_line' id='line_1_28' title="bbox 200 2436 553 2496; baseline 0.003 -17"><span class='ocrx_word' id='word_1_205' title='bbox 200 2446 321 2496; x_wconf 87' lang='lat' dir='ltr'>parte</span> <span class='ocrx_word' id='word_1_206' title='bbox 342 2436 553 2480; x_wconf 85' lang='lat' dir='ltr'>multavit.</span> 
     </span>
    </p>

    <p class='ocr_par' dir='ltr' id='par_1_5' title="bbox 202 2514 1562 2653">
     <span class='ocr_line' id='line_1_29' title="bbox 262 2514 1561 2575; baseline -0.003 -15"><span class='ocrx_word' id='word_1_207' title='bbox 262 2518 420 2560; x_wconf 86' lang='lat' dir='ltr'><strong>LXXI.</strong></span> <span class='ocrx_word' id='word_1_208' title='bbox 457 2515 659 2560; x_wconf 86' lang='lat' dir='ltr'>Studium</span> <span class='ocrx_word' id='word_1_209' title='bbox 685 2526 727 2559; x_wconf 91' lang='lat' dir='ltr'>ct</span> <span class='ocrx_word' id='word_1_210' title='bbox 755 2514 858 2558; x_wconf 87' lang='lat' dir='ltr'>fides</span> <span class='ocrx_word' id='word_1_211' title='bbox 884 2532 984 2575; x_wconf 88' lang='lat' dir='ltr'>erga</span> <span class='ocrx_word' id='word_1_212' title='bbox 1011 2514 1184 2557; x_wconf 79' lang='lat' dir='ltr'>clientes</span> <span class='ocrx_word' id='word_1_213' title='bbox 1214 2531 1266 2558; x_wconf 89' lang='lat' dir='ltr'>nc</span> <span class='ocrx_word' id='word_1_214' title='bbox 1288 2515 1436 2573; x_wconf 90' lang='lat' dir='ltr'>juveni</span> <span class='ocrx_word' id='word_1_215' title='bbox 1465 2514 1561 2573; x_wconf 86' lang='lat' dir='ltr'>qui-</span> 
     </span>
     <span class='ocr_line' id='line_1_30' title="bbox 202 2593 1562 2653; baseline -0.004 -13"><span class='ocrx_word' id='word_1_216' title='bbox 202 2596 298 2640; x_wconf 89' lang='lat' dir='ltr'>dem</span> <span class='ocrx_word' id='word_1_217' title='bbox 335 2596 577 2640; x_wconf 88' lang='lat' dir='ltr'>defuerunt.</span> <span class='ocrx_word' id='word_1_218' title='bbox 615 2596 904 2649; x_wconf 82' lang='lat' dir='ltr'>Masintham,</span> <span class='ocrx_word' id='word_1_219' title='bbox 943 2593 1129 2637; x_wconf 88' lang='lat' dir='ltr'>nobilem</span> <span class='ocrx_word' id='word_1_220' title='bbox 1163 2595 1395 2653; x_wconf 86' lang='lat' dir='ltr'>juvenem,</span> <span class='ocrx_word' id='word_1_221' title='bbox 1428 2608 1562 2651; x_wconf 87' lang='lat' dir='ltr'>quum</span> 
     </span>
    </p>
   </div>
   <div class='ocr_carea' id='block_1_3' title="bbox 203 2672 1588 2736">
    <p class='ocr_par' dir='ltr' id='par_1_6' title="bbox 203 2672 1588 2736">
     <span class='ocr_line' id='line_1_31' title="bbox 203 2672 1588 2736; baseline -0.004 -17"><span class='ocrx_word' id='word_1_222' title='bbox 203 2676 407 2719; x_wconf 83' lang='lat' dir='ltr'>adversus</span> <span class='ocrx_word' id='word_1_223' title='bbox 435 2675 723 2736; x_wconf 81' lang='lat' dir='ltr'>Hiempsalem</span> <span class='ocrx_word' id='word_1_224' title='bbox 757 2692 899 2736; x_wconf 82' lang='lat' dir='ltr'>regem</span> <span class='ocrx_word' id='word_1_225' title='bbox 932 2684 1016 2718; x_wconf 85' lang='lat' dir='ltr'>tam</span> <span class='ocrx_word' id='word_1_226' title='bbox 1049 2675 1171 2717; x_wconf 75' lang='lat' dir='ltr'>enixe</span> <span class='ocrx_word' id='word_1_227' title='bbox 1205 2672 1486 2727; x_wconf 82' lang='lat' dir='ltr'>defendisset,</span> <span class='ocrx_word' id='word_1_228' title='bbox 1516 2681 1588 2714; x_wconf 56' lang='lat' dir='ltr'>ut*</span> 
     </span>
    </p>
   </div>
  </div>
 </body>
</html>
