1988 3439
852 264 996 298 NERO.
1534 264 1600 300 261

340 350 434 385 Dum
459 350 577 385 tendit
607 349 783 385 citharam
806 353 952 390 noster,
977 346 1065 381 dum
1088 358 1229 382 cornua
1253 348 1424 393 Parthus,

389 413 524 448 Noster
546 411 614 447 erit
640 412 767 453 Paean,
788 407 1129 454 ille-Ezzrnss÷›.s‘rr.;-

337 521 455 555 Roma
476 519 608 555 domus
634 517 696 553 fiet
719 531 727 552 ε
756 517 872 553 Veios
889 517 1066 564 migrate,
1095 516 1275 561 Quirites,

387 582 425 618 Si
445 593 521 616 non
544 587 579 616 et
598 579 712 615 Veios
738 586 895 626 occupat
919 579 986 614 ista
1013 579 1156 614 domus.

232 688 318 733 Sed
343 705 481 749 neque
515 698 717 732 auctores
740 688 940 748 requisiit
967 706 975 732 :
999 698 1042 732 et
1065 687 1276 748 quosdam
1315 704 1391 748 per
1418 688 1604 734 indicem

231 768 394 813 delatos
432 767 485 812 ad
521 778 743 823 senatum,
783 768 898 813 affici
941 769 1142 830 graviore
1184 784 1312 830 poena
1358 769 1600 829 prohibuit.

230 851 544 893 Transeuntem
583 848 778 893 Isidorus
814 849 1006 910 Cynicus
1045 849 1090 892 in
1126 847 1306 910 publico
1340 847 1459 893 clara
1500 867 1605 895 voce

230 929 527 989 corripuerat,
563 929 715 990 «quod
753 928 933 990 Nauplii
962 927 1076 972 mala
1112 928 1223 973 bene
1247 929 1500 984 cantitaret,
1528 947 1606 974 sua

231 1010 346 1054 bona
370 1008 482 1054 male
510 1009 811 1072 disponeret.»
840 1012 896 1055 Et
925 1012 1085 1066 Datus,
1110 1008 1398 1054 atellanarum
1422 1011 1579 1055 histrio
1595 1047 1607 1066 ,

230 1091 272 1134 iu
299 1092 471 1135 cantico
494 1091 708 1152 quodam,
736 1092 894 1144 ὑγίαινε
923 1089 1069 1148 πάτερ,
1091 1091 1249 1144 ὑγίαινε
1269 1089 1426 1149 ,ubre-p,
1456 1092 1514 1135 ita
1536 1091 1606 1135 de-

230 1181 571 1228 monstraverat,
591 1183 640 1216 ut
658 1172 882 1216 bibentem
906 1181 1219 1232 natantemque
1238 1171 1419 1222 faceret,
1440 1173 1602 1215 exitum

231 1250 394 1295 scilicet
413 1251 586 1296 Claudii
611 1253 949 1314 Agrippinaeque
985 1253 1231 1313 significans
1264 1269 1272 1294 :
1304 1261 1343 1295 et
1380 1253 1421 1295 in
1461 1253 1602 1296 novis-

230 1332 336 1375 sima
362 1330 576 1387 clausula,

483 1446 600 1481 Orcus
626 1446 734 1481 vohis
757 1445 859 1481 ducit
878 1445 990 1493 pedes
1003 1473 1011 1487 ,

228 1553 426 1588 senatum
450 1554 573 1605 gestu
597 1554 783 1589 notaret.
806 1545 1073 1588 Histrionem
1095 1554 1136 1588 et
1155 1542 1466 1605 philosophum
1485 1547 1603 1590 Nero

229 1622 337 1668 nihil
359 1623 565 1685 amplius,
587 1641 717 1685 quam
739 1625 856 1669 Urbe
879 1624 1095 1686 Italiaque
1122 1626 1379 1679 summovit,
1407 1624 1473 1668 vel
1498 1642 1601 1669 con-

230 1714 362 1749 temtu
392 1707 534 1749 omnis
567 1705 773 1761 infamiae,
804 1705 872 1749 vel
900 1723 952 1750 ne
978 1705 1154 1750 fatendo
1186 1705 1382 1751 dolorem
1411 1706 1601 1751 irritaret

231 1787 414 1846 ingenia.

294 1868 385 1910 XL.
411 1865 559 1910 Talem
587 1868 827 1928 principem
855 1867 983 1929 paulo
1007 1870 1149 1913 minus
1175 1868 1506 1929 quatuordecim
1531 1887 1605 1914 an—

229 1961 307 1989 nos
327 1962 554 2007 perpessus
578 1957 794 1991 terrarum
813 1948 952 2002 orbis,
980 1947 1154 1991 tandem
1180 1948 1399 2005 destituit3
1426 1951 1601 1994 initium

227 2025 488 2070 facientibus
527 2025 686 2083 Gallis,
724 2027 835 2072 duce
861 2027 976 2072 Julio
1010 2028 1215 2082 Vindice,
1260 2030 1332 2089 qui
1370 2039 1464 2073 tum
1506 2046 1600 2073 eam

229 2106 499 2166 provinciam
531 2118 797 2168 propraetore
823 2108 1061 2152 obtinebat.
1088 2108 1351 2153 Praedictnm
1381 2126 1405 2153 a
1435 2109 1601 2154 mathe-

229 2186 396 2230 maticis
425 2187 590 2230 Neroni
615 2187 719 2231 olim
742 2198 860 2245 erat,
886 2188 978 2233 fore
994 2224 1006 2245 ,
1035 2199 1083 2233 ut
1109 2188 1373 2250 quandoque
1396 2188 1603 2234 destitue-

229 2275 350 2309 retur
379 2283 387 2308 :
417 2265 530 2309 unde
559 2265 629 2310 illa
660 2283 741 2310 vox
769 2268 861 2327 ejus
888 2267 1190 2324 celeberrima,
1226 2267 1266 2315 τὸ
1299 2277 1452 2326 τεχνίον
1485 2269 1602 2314 πᾶσα

228 2353 331 2398 γαῖα
351 2339 498 2403 τρέφει·
520 2363 607 2406 quo
633 2347 796 2406 majore
822 2347 982 2392 scilicet
1009 2349 1133 2391 venia
1163 2348 1448 2394 meditaretur
1469 2351 1604 2394 citha-

231 2425 434 2470 roedicam
462 2435 624 2481 artem,
653 2427 839 2487 principi
878 2428 958 2471 sibi
986 2438 1177 2489 gratam,
1210 2431 1380 2489 privato
1406 2447 1599 2474 necessa·

230 2507 352 2550 riam.
394 2505 729 2567 Spoponderam
770 2518 912 2551 tamen
949 2508 1125 2569 quidam
1162 2508 1369 2554 destituto
1405 2512 1601 2554 Orientis

230 2586 596 2643 dominationem,
627 2588 825 2633 nonnulli
860 2590 1113 2633 nominatim
1142 2607 1324 2650 regnum
1353 2590 1598 2651 Hierosoly-

231 2683 426 2724 morum,
454 2667 598 2728 plm·es
630 2670 768 2712 onmis
807 2671 997 2729 pristinae
1038 2670 1224 2713 fortun-“e
1265 2671 1597 2714 restitutionem.
