1971 3342
413 258 426 280 ἱ
436 242 484 288 46
947 245 985 279 C.
1017 245 1247 282 SUETONII

408 329 538 373 domo
564 345 738 389 quoque
762 328 907 389 egredi
923 363 934 382 ‚
958 338 1001 372 et
1029 328 1292 372 commercio
1322 327 1551 370 hominum
1574 327 1683 384 frui,
1711 346 1780 373 ve-

407 410 541 453 tuerit
565 425 574 452 :
601 408 675 452 sed
703 417 745 452 et
770 407 941 468 peculio
970 407 1175 452 concesso
1200 425 1224 451 a
1251 416 1373 468 patre
1403 407 1680 468 praebitisque
1705 424 1782 452 an-

407 491 506 533 nuis
535 488 778 545 fraudavit,
803 504 880 549 per
901 489 1088 548 speciem
1112 487 1275 548 publici
1291 488 1426 547 juris,
1451 487 1569 547 quod
1593 486 1701 530 nihil
1729 488 1782 531 de

406 569 472 614 his
503 572 724 631 Augustus
754 577 1015 612 testamento
1045 569 1239 612 cavisset.
1270 569 1458 612 Matrem
1486 568 1655 612 Liviam
1682 584 1781 629 gra-

405 659 555 704 vatus,
582 648 699 692 velut
718 657 863 709 partes
887 648 967 691 sibi
989 664 1132 708 aequas
1158 649 1363 708 potentiae
1387 646 1704 704 vindicantem,
1735 658 1778 691 et

405 746 690 791 congressum
706 729 798 789 ejus
818 727 1040 772 assiduum
1059 728 1235 783 vitavit,
1258 738 1301 772 et
1328 727 1548 788 longiores
1577 728 1782 771 secretio-
1832 772 1834 775 ,

404 825 559 870 resque
584 825 829 864 sermones,
854 824 908 851 ne
932 808 1024 868 ejus
1049 806 1266 864 consiliis,
1296 808 1457 868 quibus
1483 817 1627 851 tamen
1654 807 1784 851 inter-

405 888 509 932 dum
531 898 572 932 et
602 904 727 950 egere
751 898 793 931 et
821 888 883 931 uti
913 886 1102 944 solebat,
1130 888 1222 948 regi
1248 886 1486 931 videretur.
1511 886 1632 931 Tulit
1651 887 1783 931 etiam

405 968 686 1029 perindigne,
713 978 857 1011 actum
887 969 931 1010 in
963 977 1138 1023 senatu,
1161 976 1211 1010 ut
1238 966 1374 1010 titulis
1401 967 1510 1023 suis,
1543 967 1666 1026 quasi
1693 968 1783 1011 Au-

405 1049 543 1109 gusti,
571 1049 630 1091 ita
655 1058 697 1091 et
721 1048 855 1090 Liviae
879 1046 1018 1105 filius,
1046 1047 1323 1107 adjiceretur.
1343 1047 1491 1103 Quare
1517 1063 1605 1090 non
1622 1062 1786 1108 parell—

403 1136 487 1172 tem
500 1130 670 1190 patria)
697 1125 936 1187 appellari,
966 1142 1052 1170 non
1081 1125 1220 1169 ullum
1240 1126 1454 1186 insignem
1476 1125 1690 1168 honorem
1716 1141 1786 1168 re-

406 1208 550 1267 cipere
579 1205 752 1266 publice
780 1221 932 1265 passus
959 1215 1034 1249 est.
1062 1203 1146 1248 Sed
1174 1214 1216 1248 et
1246 1203 1497 1264 frequenter
1527 1203 1785 1260 admonuit,

405 1287 678 1347 «majoribus
705 1301 783 1329 nec
807 1284 977 1328 feminae
999 1284 1360 1328 convenientibus
1385 1283 1572 1345 negotiis
1598 1283 1786 1327 abstine-

404 1376 471 1410 ret
491 1383 499 1409 :
518 1387 538 1407 ))
565 1366 806 1426 praecipue,
834 1374 883 1408 ut
910 1364 1240 1419 animadvertit,
1269 1363 1470 1408 incendio
1493 1364 1620 1424 juxta
1649 1362 1783 1406 aedem

403 1448 548 1491 Vestae
566 1455 608 1488 et
624 1446 759 1505 ipsam
776 1444 1077 1498 intervenisse,
1100 1442 1404 1506 populumque
1429 1453 1471 1487 et
1490 1442 1676 1500 milites,
1695 1459 1783 1503 quo

340 1585 345 1590 ι
404 1526 573 1568 enixius
600 1541 729 1585 opem
748 1523 937 1578 ferrent,
966 1522 1268 1578 adhortatam,
1295 1524 1407 1566 sicut
1425 1523 1504 1566 sub
1531 1523 1690 1566 marito
1718 1539 1786 1565 so-

404 1604 482 1648 lita
506 1614 629 1649 esset.

468 1687 543 1729 LI.
572 1685 746 1729 Dehinc
775 1685 830 1728 ad
865 1684 1132 1728 simultatem
1162 1700 1301 1744 usque
1333 1684 1570 1744 processit,
1600 1683 1708 1739 hac,
1737 1693 1788 1726 ut

404 1765 570 1821 ferunt,
600 1765 652 1808 de
683 1781 826 1809 causa.
859 1765 1047 1809 Instanti
1079 1764 1253 1825 saepius,
1278 1773 1327 1807 ut
1357 1764 1535 1807 civitate
1572 1763 1785 1807 donatum

406 1845 449 1889 in
479 1845 676 1889 decurias
705 1844 933 1906 allegeret,
962 1845 1158 1905 negavit,
1185 1843 1271 1887 alia
1302 1860 1346 1887 se
1378 1843 1630 1888 conditione
1656 1842 1786 1886 allec-

405 1936 582 1981 turum‚
611 1942 746 1985 quam
776 1926 811 1969 si
840 1935 1065 1987 pateretur
1101 1925 1257 1968 ascribi
1294 1923 1417 1979 albo,
1454 1932 1711 1966 «extortum
1743 1922 1788 1965 id

405 2006 486 2049 sibi
515 2022 540 2049 a
563 2016 753 2049 matre.»
781 2008 839 2050 At
867 2005 940 2048 illa
963 2014 1206 2060 commota,
1227 2012 1392 2046 veteres
1420 2002 1635 2063 quosdam
1664 2002 1719 2046 ad
1745 2018 1789 2045 se

405 2086 593 2145 Augusti
625 2084 848 2129 codicillos
875 2085 926 2127 de
954 2084 1190 2127 acerbitate
1225 2092 1268 2126 ct
1300 2082 1582 2126 intolerantia
1610 2098 1784 2126 morum

405 2165 522 2224 ejus,
550 2181 573 2207 c
607 2165 798 2207 sacrario
832 2163 1015 2224 protulit
1045 2174 1176 2223 atquc
1206 2162 1421 2207 recitavit.
1452 2166 1543 2206 Hos
1574 2172 1616 2206 et
1642 2171 1788 2206 eusto-

394 2243 519 2305 vditos
546 2243 712 2286 tamdiu
729 2278 740 2298 ,
767 2253 808 2286 ct
829 2244 1115 2303 exprobratos
1143 2253 1231 2286 tam
1260 2242 1436 2300 infeste,
1462 2242 1571 2286 adeo
1597 2243 1789 2303 graviter

405 2321 532 2379 tulit,
560 2333 609 2366 ut
638 2323 816 2383 quidam
843 2333 1025 2383 putent,
1053 2324 1167 2366 inter
1197 2339 1350 2366 causas
1384 2339 1578 2366 secessus
1611 2322 1724 2365 hanc
1750 2322 1789 2363 ei

405 2401 474 2445 vel
517 2404 780 2463 praecipuam
817 2403 961 2447 fuisse.
994 2405 1106 2446 Toto
1132 2402 1310 2463 quidem
1352 2403 1566 2458 triennio,
1601 2418 1689 2462 quo
1726 2401 1789 2443 vi-

405 2492 534 2526 vente
570 2493 709 2526 matrc
741 2483 908 2539 abfuit,
939 2481 1069 2527 semel
1104 2483 1285 2525 omnino
1324 2499 1447 2537 eam,
1490 2498 1568 2525 nec
1601 2479 1788 2539 amplius

406 2577 537 2620 quam
568 2579 656 2605 uno
685 2562 781 2619 dic,
809 2580 858 2607 ac
886 2562 1158 2623 paucissimis
1188 2562 1294 2604 vidit
1323 2562 1441 2606 horis
1469 2578 1478 2605 :
1506 2577 1555 2604 ac
1590 2575 1691 2602 mox
1717 2574 1789 2601 ne-

407 2656 492 2698 que
522 2658 646 2700 aegrae
676 2641 826 2684 adesse
854 2642 1049 2695 ‹·uravit;
1082 2641 1448 2699 defunctamque,
1476 2649 1544 2692 ct,
1574 2638 1677 2681 dum
1710 2639 1788 2682 ad·-
