1988 3407
697 289 1030 326 nomnmus.
1520 295 1567 340 07

176 370 352 431 Scripta
374 370 560 428 famosa,
584 370 807 434 vulgoque
829 372 968 428 edita,
991 375 1153 434 quibus
1177 376 1391 436 primores
1417 379 1498 422 viri
1521 396 1573 424 ac

173 449 345 495 feminae
371 452 664 509 notabantur,
693 452 908 510 abolevit,
946 471 1036 499 non
1063 455 1157 499 sine
1187 466 1421 502 auctorum
1450 459 1572 520 igno-

173 532 323 576 minia.
346 533 649 590 Quaestorium
678 534 846 589 virum,
875 535 997 597 quod
1029 535 1323 599 gesticulandi
1358 538 1572 584 saltandi-

172 629 258 672 que
297 612 443 659 studio
477 623 721 673 teneretur,
755 616 894 661 movit
927 627 1099 662 senatu.
1134 619 1366 664 Probrosis
1398 619 1571 665 feminis

172 691 336 738 lecticae
361 711 490 739 usum
508 694 694 754 ademit,
711 696 874 758 jusque
887 698 1096 760 capiendi
1117 698 1261 762 legata
1281 700 1573 746 hereditates·

170 790 269 834 que.
299 776 502 836 Equitem
531 792 786 835 romanum,
818 779 875 823 ob
903 779 1132 825 reductam
1159 781 1204 825 in
1236 782 1569 827 matrimonium

171 872 379 915 uxorem,
400 858 474 902 cui
500 857 689 904 dimissae
710 860 919 906 adulterii
942 863 1111 907 crimen
1136 864 1409 922 intenderat,
1439 867 1572 910 erasit

165 936 365 996 judicum
392 937 507 983 albo.
536 940 770 998 Quosdam
794 959 845 987 ex
875 953 1068 1005 utroque
1091 945 1250 990 ordine
1278 945 1372 1008 lege
1393 948 1572 992 Scanti-

170 1018 240 1062 nia
275 1018 600 1066 condemnavit.
638 1025 808 1068 Incesta
848 1025 1082 1070 vestalium
1112 1027 1365 1090 virginum,
1391 1044 1416 1074 a
1446 1039 1571 1090 patre

167 1115 345 1160 quoque
367 1117 449 1146 suo
473 1112 518 1147 et
542 1102 678 1148 fratre
702 1104 925 1167 neglecta,
952 1108 1072 1152 varie
1097 1125 1147 1153 ac
1168 1125 1317 1153 severe
1338 1111 1537 1154 coercuit
1558 1128 1569 1154 z

167 1181 317 1241 priora
332 1216 343 1237 ,
366 1182 545 1244 capitali
566 1184 806 1247 supplici03
831 1189 1076 1248 posteriora
1092 1225 1102 1244 ‚
1127 1206 1249 1234 more
1279 1192 1428 1234 veteri.
1456 1192 1569 1235 Nam

168 1277 306 1323 quum
352 1262 562 1309 Ocellatis
605 1266 857 1322 sororibus,
901 1269 1006 1313 item
1045 1269 1337 1327 Varronillae,
1382 1270 1567 1316 liberum

167 1344 321 1388 mortis
345 1346 617 1405 permisisset
633 1349 868 1393 arbitrium
885 1385 896 1406 ,
922 1361 1297 1413 corruptoresque
1322 1369 1474 1397 earum
1501 1370 1568 1397 re-

166 1423 351 1488 legasset
383 1445 393 1471 :
428 1445 531 1473 mox
568 1430 826 1476 Corneliam
846 1467 856 1487 ,
887 1434 1125 1478 maximam
1157 1435 1402 1497 virginem,
1441 1436 1568 1480 abso-

166 1504 304 1551 lutam
338 1506 471 1566 olim,
501 1509 662 1556 dehinc
702 1510 835 1575 longo
874 1513 1106 1560 intervallo
1140 1517 1403 1577 repetitam,
1431 1527 1566 1578 atque

165 1589 443 1648 convictam,
478 1591 627 1636 defodi
661 1594 922 1655 imperavit3
959 1606 1323 1659 stupratoresque
1350 1598 1482 1660 virgis
1522 1600 1565 1643 in

165 1671 345 1716 comitio
365 1670 421 1716 ad
444 1689 594 1717 necem
620 1674 748 1733 caedi,
773 1687 960 1739 excepto
989 1679 1194 1739 praetorio
1219 1680 1340 1736 viro,
1362 1681 1456 1735 cui,
1482 1679 1566 1725 du-

165 1750 238 1795 bia
264 1752 396 1797 etiam
424 1763 519 1799 tum
542 1772 693 1809 causa,
719 1767 761 1801 et
784 1758 960 1803 incertis
980 1760 1298 1820 quaestionibus
1319 1771 1454 1822 atque
1477 1771 1566 1806 tor·

163 1833 346 1889 mentis,
386 1834 441 1878 de
469 1846 606 1881 semet
633 1837 831 1899 professo
855 1839 1058 1888 exsilium
1085 1841 1280 1886 indulsit.
1309 1845 1372 1887 Ac
1397 1859 1451 1887 ne
1475 1859 1565 1904 qua

164 1911 319 1974 religio
358 1917 502 1960 Deum
547 1918 728 1979 impune
764 1921 1165 1978 contaminaretur,
1194 1933 1563 1979 monumentum,

162 1993 282 2054 quod
313 1994 494 2042 libertus
523 1999 618 2060 ejus
646 2016 669 2044 e
702 1998 950 2062 lapidibus,
976 2002 1142 2064 templo
1170 2003 1412 2065 Capitolini
1440 2006 1562 2049 Jovis

161 2073 416 2133 destinatis,
452 2078 543 2124 filio
567 2091 866 2140 exstruxerat,
892 2083 1029 2128 diruit
1057 2101 1135 2146 per
1159 2084 1343 2141 milites,
1376 2102 1564 2146 ossaque

160 2166 204 2200 et
233 2156 466 2219 reliquias,
490 2178 588 2222 quae
617 2162 811 2221 inerant,
836 2166 947 2209 mari
977 2167 1142 2211 mersit.

224 2239 301 2283 IX.
326 2241 448 2285 Inter
464 2242 589 2287 initia
611 2260 748 2306 usque
770 2245 879 2290 adeo
903 2247 958 2290 ab
983 2248 1106 2292 omni
1131 2248 1248 2292 caede
1270 2249 1562 2305 abhorrebat,

159 2328 230 2375 ut,
257 2319 437 2365 absente
462 2322 608 2368 adhuc
634 2335 758 2386 patre
775 2361 785 2381 ‚
815 2327 1070 2372 recordatus
1098 2329 1274 2392 Virgilii
1307 2347 1506 2386 versum,

288 2450 407 2498 Impia
435 2463 546 2498 quam
572 2453 672 2489 caesis
700 2465 791 2502 gens
818 2463 872 2491 est
896 2457 1046 2504 epulata
1064 2458 1252 2504 juvencis,

157 2563 325 2609 edicere
349 2565 604 2625 destinarit,
630 2589 651 2610 «
671 2587 724 2615 ne
745 2571 878 2616 boves
904 2573 1255 2619 immolarentur.
1279 2595 1299 2615 »
1323 2576 1556 2637 Cupidita-

158 2645 211 2688 tis
240 2662 416 2708 quoque
455 2658 586 2710 atque
619 2652 812 2696 avaritiae
848 2653 917 2697 vix
957 2655 1254 2716 suspicionem
1286 2654 1448 2713 ullam,
1482 2667 1559 2702 aut

157 2726 355 2785 privatus
382 2745 598 2790 unquam,
625 2743 700 2778 aut
725 2734 929 2796 princeps
953 2734 1229 2797 aliquamdiu
1252 2736 1396 2792 dedit,
1421 2739 1552 2783 immo

1323 2816 1342 2827 μ

1317 2833 1355 2861 ἶ).
