1971 3342
414 209 461 246 53
946 210 985 245 C.
1014 210 1243 246 SUETONH

475 295 594 337 XVI.
632 291 800 336 Bellum
833 293 1028 337 Siculum
1060 293 1279 337 inchoavit
1312 292 1355 337 in
1388 292 1564 353 primis,
1594 292 1669 336 sed
1701 292 1775 336 diu

412 371 564 429 traxit⁷
600 373 894 417 intermissum
928 373 1104 434 saepius3
1134 373 1264 417 modo
1296 371 1636 434 reparandarum
1668 371 1775 416 elas-

411 455 521 496 sium
556 470 709 510 causa,
745 470 850 514 quas
888 453 1214 514 tempestatibus
1252 452 1413 514 duplici
1449 451 1700 513 naufragio,
1733 461 1776 495 et

410 533 584 593 quidem
613 550 688 594 per
716 543 923 588 testatem,
953 533 1181 588 amiserat3
1209 532 1337 576 modo
1365 549 1469 594 paee
1491 531 1627 585 facta,
1657 531 1777 592 fiagi-

413 624 527 658 tante
569 613 758 675 populo,
800 613 854 657 ob
898 611 1151 656 interclusos
1190 622 1456 656 commeatus
1473 647 1483 667 ‚
1528 612 1774 670 famemque

410 695 781 755 ingravescentem
803 711 811 736 :
833 693 969 737 donec
992 693 1174 737 navibus
1196 710 1245 737 ex
1268 693 1439 753 integro
1464 692 1702 748 fabricatis,
1727 707 1775 735 ac

411 773 564 833 viginti
588 792 812 819 servorum
838 773 1029 818 millibus
1052 773 1349 828 manumissis,
1373 781 1414 816 et
1438 772 1492 816 ad
1511 789 1680 815 remum
1703 771 1776 815 da-

411 853 485 907 tis,
506 863 682 913 portum
703 852 866 897 Julium
889 853 1005 914 apud
1024 855 1169 910 Baias,
1194 853 1384 896 immisso
1408 853 1450 895 in
1475 852 1715 895 Lucrinum
1734 862 1776 895 et

406 935 626 978 Avernum
661 934 801 977 lacum
826 936 954 990 mari,
981 934 1135 977 effecit.
1166 935 1217 975 In
1241 949 1327 993 quo
1352 948 1488 992 quum
1515 931 1656 975 hieme
1683 940 1772 974 tota

407 1014 552 1073 copias
571 1015 847 1069 exercufsset‚
865 1014 1121 1074 Pompeium
1146 1013 1256 1055 iuter
1273 1011 1412 1072 Mylas
1432 1021 1474 1055 et
1492 1010 1772 1056 Naulochum

405 1095 647 1153 superavit3
683 1095 761 1137 sub
795 1095 948 1137 horam
982 1110 1137 1154 pugnae
1170 1103 1256 1136 tam
1288 1102 1382 1135 arto
1414 1100 1592 1152 repente
1621 1109 1774 1135 somno

407 1172 653 1228 devinctus,
678 1183 726 1215 ut
753 1172 806 1215 ad
831 1172 1025 1215 dandum
1051 1173 1223 1232 signum
1250 1171 1303 1214 ab
1326 1171 1475 1213 amieis
1499 1171 1772 1215 excitaretur.

405 1252 531 1297 Unde
558 1253 782 1313 praebitam
808 1252 999 1297 Antonio
1029 1251 1253 1295 materiam
1284 1261 1432 1312 putem
1458 1250 1772 1310 exprobrandi,

406 1353 426 1375 «
445 1336 511 1379 Ne
534 1337 662 1378 rectis
683 1334 857 1394 quidem
881 1333 1016 1377 oculis
1039 1351 1137 1377 eum
1162 1334 1353 1395 aspicere
1376 1333 1566 1394 potuisse
1588 1333 1774 1377 instruc-

405 1427 492 1460 tam
517 1414 652 1457 aciem
681 1430 690 1456 :
717 1430 865 1457 verum
895 1414 1125 1474 supinum,
1154 1412 1310 1456 coelum
1340 1414 1606 1460 intuentem.
1635 1413 1773 1473 stupi-

404 1497 508 1541 dum
547 1497 769 1551 cubuisse3
810 1512 888 1539 nee
930 1496 1049 1555 prius
1089 1496 1324 1538 surrexisse
1340 1530 1350 1548 ‚
1391 1511 1439 1538 ac
1479 1494 1689 1538 militibus
1728 1497 1772 1538 in

404 1589 685 1640 conspectum
707 1579 856 1635 fuisse,
881 1595 1010 1638 quam
1034 1596 1056 1622 a
1080 1580 1140 1621 M.
1166 1579 1359 1639 Agrippa
1382 1578 1537 1638 fugatae
1561 1578 1647 1621 sint
1671 1578 1771 1621 hos-

405 1664 512 1705 tium
539 1679 680 1705 naves.
701 1682 720 1702 »
749 1660 834 1706 Alii
865 1661 1028 1705 dictum
1057 1661 1308 1720 factumque
1335 1660 1426 1720 ejus
1454 1660 1770 1717 criminantur,

402 1746 524 1804 quasi
547 1745 751 1789 classibus
774 1754 1027 1805 tempestate
1051 1744 1231 1806 perditis
1256 1743 1582 1799 exclamaverit,
1610 1744 1772 1786 «etiam

402 1825 539 1869 invito
563 1827 769 1885 Neptuno
790 1825 1017 1868 victoriam
1041 1841 1083 1868 se
1103 1824 1384 1885 adepturum,
1400 1843 1421 1864 »
1445 1840 1494 1868 ac
1513 1823 1582 1867 die
1601 1824 1772 1867 Circen-

401 1905 512 1947 sium
531 1906 729 1965 proximo
746 1903 927 1948 solemni
944 1921 1113 1965 pompae
1129 1903 1409 1948 simulacrum
1423 1904 1505 1947 Dei
1521 1903 1766 1946 detraxerit.

400 1985 489 2029 Nec
512 1995 671 2029 temere
691 1984 817 2046 plura
837 2002 885 2028 ac
904 1985 1069 2044 majora
1090 1983 1282 2044 pericula
1301 1982 1389 2026 ullo
1410 1982 1494 2026 alio
1512 1981 1625 2025 bello
1647 1982 1766 2026 adiit.

399 2067 597 2125 'l'rajecto
632 2066 676 2107 in
704 2064 895 2109 Siciliam
930 2065 1149 2120 exercitu,
1184 2080 1319 2123 quum
1355 2073 1524 2123 partem
1557 2061 1768 2122 reliquam

399 2146 623 2204 copiarum
647 2144 886 2187 continenti
909 2153 1140 2203 repeteret,
1160 2159 1392 2203 oppressus
1415 2158 1464 2185 ex
1489 2143 1725 2203 improviso
1743 2160 1767 2187 a

399 2225 671 2269 Demochare
693 2235 735 2267 et
757 2223 1080 2285 Apollophane,
1106 2224 1315 2283 praesectis
1339 2224 1556 2283 Pompeii,
1582 2240 1670 2267 uno
1692 2223 1766 2267 de-

399 2322 516 2348 mum
537 2305 708 2364 navigio
726 2304 946 2365 aegerrime
964 2302 1129 2363 effugit.
1150 2305 1332 2359 Iterum,
1353 2318 1487 2362 quum
1506 2312 1663 2363 praeter
1679 2305 1765 2346 Lo-

397 2402 491 2428 cros
509 2386 725 2445 Rhegium
748 2384 929 2444 pedibus
947 2384 1046 2439 iret,
1065 2392 1106 2426 et
1123 2383 1364 2443 prospectis
1382 2382 1619 2426 biremibus
1636 2385 1763 2426 Pom·

397 2468 558 2525 peianis
592 2476 750 2509 terram
787 2465 1051 2525 legentibus,
1086 2479 1183 2506 suas
1217 2472 1359 2518 ratus,
1391 2462 1677 2507 descendisset
1707 2462 1762 2505 ad

398 2547 516 2602 litus,
539 2562 658 2605 pcene
679 2555 881 2605 exceptus
903 2554 979 2587 est.
1007 2546 1131 2586 Tunc
1152 2544 1280 2585 etiam
1305 2560 1381 2602 per
1402 2543 1548 2586 devios
1568 2543 1761 2586 tramites

399 2626 678 2685 refugit-meni
694 2641 842 2667 servus
856 2623 1014 2666 AEmilii
1032 2621 1152 2665 Pauli
1165 2658 1174 2676 ,
1191 2623 1358 2665 comitis
1374 2623 1485 2682 ejus,
1500 2621 1648 2664 dolens
1664 2639 1758 2682 pro-
