1971 3342
411 269 423 292 1
434 258 480 292 82
943 255 980 289 C.
1009 254 1238 289 SUETONII

407 355 587 383 suorum
622 336 862 394 delatores,
892 338 1089 380 invectus
1116 346 1207 393 est3
1242 333 1422 397 prolatis
1452 333 1630 392 libellis,
1659 351 1767 396 quos

407 427 619 463 crematos
643 416 945 473 simulaverat,
969 406 1230 476 defensaque
1250 414 1412 459 Tiberii
1435 413 1619 471 saevitia,
1645 415 1768 473 quasi

410 499 676 554 necessaria,
713 514 850 559 quum
884 506 949 541 tot
981 496 1310 541 criminantibus
1348 492 1614 540 credendum
1646 503 1767 538 esset.

407 581 663 640 Equestrem
687 577 908 633 ordinem,
930 586 981 620 ut
1004 593 1139 620 scenae
1163 591 1389 636 arenaeque
1412 573 1639 630 devotum,
1662 573 1766 618 assi-

408 659 493 702 due
519 657 740 720 proscidit.
760 657 962 701 Infensus
986 656 1144 713 turbae,
1164 656 1325 700 faventi
1346 654 1551 699 adversus
1568 653 1769 706 'studium

409 755 565 795 suum,
603 737 892 783 exclamavit:
924 756 945 777 «
969 737 1151 780 Utinam
1186 734 1373 797 populus
1401 749 1607 778 romanus
1638 749 1771 777 unam

408 818 618 862 cervicem
647 814 850 861 haberet!
873 837 894 858 ))
923 818 1158 876 Quumque
1183 815 1401 859 Tetrinius
1435 813 1548 857 latro
1577 811 1770 873 postula-

409 906 545 953 retur,
574 917 594 938 «
614 907 657 942 et
682 899 756 958 qui
784 895 1078 958 postularent,
1104 896 1319 940 Tetrinios
1345 911 1459 950 esse,
1477 913 1497 934 n
1525 894 1598 937 ait.
1625 892 1772 937 Retia-

409 976 463 1019 rii
492 978 672 1021 tunicati
697 977 893 1037 quinque
921 993 1102 1020 numero
1130 975 1339 1036 gregatim
1369 973 1649 1030 dimicantes,
1677 972 1768 1016 sine

412 1057 648 1100 certamine
673 1055 762 1100 ullo
784 1056 964 1099 totidem
983 1055 1253 1099 secutoribus
1271 1052 1614 1097 succubuerant:
1632 1067 1768 1111 quum

409 1135 547 1178 occidi
576 1137 857 1196 juberentur,
889 1151 1028 1190 unus,
1060 1143 1250 1177 resumta
1277 1132 1470 1187 fuscina,
1501 1146 1650 1174 omnes
1683 1130 1775 1173 vic-

410 1225 525 1258 tores
554 1216 788 1259 interemit.
819 1216 944 1258 Hanc
981 1223 1028 1257 ut
1062 1212 1404 1257 crudelissimam
1434 1209 1591 1254 caedem
1626 1219 1668 1253 et
1701 1208 1777 1253 de-

411 1294 530 1337 flevit
556 1294 698 1338 edicto
718 1330 729 1349 ,
759 1304 799 1338 et
826 1310 899 1338 eos
919 1329 930 1348 ,
963 1294 1036 1354 qui
1067 1302 1260 1353 spectare
1290 1290 1628 1345 sustinuissent,
1654 1305 1776 1333 exse-

411 1384 557 1418 cratus
583 1384 658 1418 est.

477 1455 641 1497 XXXI.
673 1455 808 1509 Queri
836 1454 965 1497 etiam
996 1452 1138 1512 palam
1170 1450 1222 1494 de
1254 1450 1503 1495 conditione
1532 1460 1777 1509 temporum

416 1549 596 1576 suorum
622 1531 808 1587 solebat,
833 1532 949 1592 quod
975 1530 1105 1575 nullis
1127 1530 1446 1574 calamitatibus
1470 1527 1655 1590 publicis
1678 1529 1780 1571 insi-

415 1612 644 1672 gnirentur
664 1629 672 1654 ε
695 1612 879 1672 Augusti
902 1611 1194 1672 principatum
1219 1609 1339 1653 clade
1358 1610 1573 1663 Variana;
1595 1607 1779 1662 Tiberii,

414 1691 541 1733 ruina
572 1689 921 1750 spectaculorum
953 1690 1067 1750 apud
1098 1689 1299 1745 Fidenas,
1332 1686 1656 1731 memorabilem
1685 1686 1773 1730 fac-

415 1778 504 1813 tum
528 1787 536 1812 :
564 1787 642 1813 suo
670 1769 932 1813 oblivionem
954 1770 1178 1812 imminere
1200 1769 1489 1829 prosperitate
1518 1784 1680 1811 rerum.
1699 1768 1778 1811 At-

415 1864 498 1907 que
522 1849 754 1894 identidem
776 1850 1043 1893 exercituum
1065 1849 1220 1905 caedes,
1247 1849 1406 1892 famem
1424 1882 1435 1904 ,
1465 1846 1776 1908 pestilentiam,

414 1928 634 1984 incendia,
664 1930 830 1972 hiatum
859 1928 1048 1990 aliquem
1075 1939 1199 1972 terrae
1228 1928 1419 1988 optabat.

475 2009 661 2052 XXXII.
679 2010 889 2052 Animum
909 2025 1082 2068 quoque
1100 2007 1356 2062 remittenti,
1372 2004 1564 2065 ludoque
1581 2015 1623 2048 et
1641 2004 1778 2065 epulis

413 2086 589 2142 dedito,
626 2088 774 2131 eadem
813 2088 1030 2131 dictorum
1070 2087 1373 2146 factorumque
1414 2085 1576 2129 saevitia
1612 2083 1773 2129 aderat.

415 2166 537 2226 Saepe
588 2167 630 2209 in
670 2177 905 2227 conspectu
944 2166 1197 2227 prandentis
1243 2165 1307 2210 vel
1352 2165 1623 2210 comissantis
1662 2164 1780 2208 seriae

413 2247 673 2304 quaestiones
703 2264 779 2307 per
809 2256 1024 2290 tormenta
1058 2247 1346 2290 habebantur.
1378 2245 1504 2290 Miles
1534 2243 1777 2290 decollandi

413 2325 566 2368 artifex
596 2327 932 2386 quibuscunque
955 2344 977 2370 e
1006 2326 1202 2370 custodia
1233 2327 1377 2387 capita
1401 2325 1665 2387 amputabat.
1694 2326 1777 2368 Pu-

413 2403 558 2461 teolis,
586 2405 858 2449 dedicatione
885 2409 1030 2467 pontis
1047 2442 1057 2460 ,
1084 2423 1211 2466 quem
1238 2407 1528 2467 excogitatum
1561 2405 1615 2448 ab
1643 2419 1694 2447 eo
1724 2403 1779 2446 si-

414 2483 742 2542 gnificavimus,
776 2503 911 2546 quum
949 2485 1108 2529 multos
1145 2485 1329 2533 clitore
1365 2486 1586 2529 invitasset
1619 2482 1672 2527 ad
1707 2498 1777 2536 se,

414 2573 587 2622 repente
618 2581 767 2608 omnes
797 2566 1098 2626 praecipitavit.
1124 2565 1348 2622 Quosdam
1377 2561 1668 2626 gubernacula
1699 2578 1775 2622 ap-

415 2641 758 2699 prehendentes,
785 2643 924 2689 contis
950 2646 1166 2705 remisque
1191 2646 1373 2689 detrusit
1393 2646 1436 2688 in
1465 2660 1594 2688 marc.
1623 2645 1776 2687 Romae
