1971 3342
314 232 360 274 .ςῦ
863 230 902 265 C.
934 230 1171 265 SUETONII

315 327 554 376 utrumque
588 314 789 359 ordinem
831 330 920 358 non
962 323 1051 357 tam
1091 312 1292 356 libertate
1322 312 1434 355 inter
1472 329 1540 369 se,
1572 329 1705 373 quain

314 399 529 460 dignitate
547 396 741 452 differre,
768 396 821 440 de
841 395 990 456 jurgio
1011 394 1202 455 quodam
1228 394 1440 437 senatoris
1459 394 1706 454 equitisque

316 479 486 524 romani
507 479 567 522 ita
589 476 902 539 pronunciavit
930 493 939 519 ε
965 495 986 516 (ι
1004 477 1107 520 Non
1132 484 1338 536 oportere
1359 473 1557 518 maledici
1585 491 1708 518 sena-

315 559 509 615 toribus,
538 557 789 602 remaledici
813 554 940 600 civile
967 555 1118 617 fasque
1142 572 1250 599 esse.
1268 575 1288 595 n

379 642 434 684 X.
475 641 640 684 Litium
676 638 808 682 series
842 637 1006 697 ubique
1035 637 1247 697 majorem
1273 637 1314 680 in
1345 636 1524 681 modum
1560 652 1708 680 excre-

315 730 498 777 verant,
529 719 809 763 manentibus
834 717 1029 778 antiquis
1047 753 1059 773 ,
1086 716 1413 778 intercapedine
1434 716 1708 778 jurisdictio-

315 802 401 857 nis3
427 800 736 845 accedentibus
762 800 912 857 novis,
941 816 992 843 ex
1013 798 1266 843 conditione
1291 798 1574 859 tumultuque
1597 808 1706 843 tem-

315 899 488 943 porum.
512 884 638 926 Sorte
656 881 787 943 elegit
801 916 812 938 ,
834 897 913 942 per
936 897 1048 941 quos
1067 889 1193 941 rapta
1210 878 1327 923 bello
1348 880 1708 933 restituerentur;

314 964 479 1023 quique
519 962 686 1023 judicia
722 960 1088 1017 centumviralia,
1132 960 1292 1020 quibus
1331 959 1588 1021 peragendis
1639 960 1709 1003 vix

313 1043 549 1087 suffectura
592 1042 867 1104 litigatorum
905 1051 1009 1085 aetas
1048 1040 1304 1093 videbatur,
1343 1051 1465 1083 extra
1507 1040 1707 1084 ordinem

314 1123 638 1184 dijudicarent,
670 1122 1009 1184 redigerentque
1043 1121 1096 1165 ad
1125 1121 1432 1164 brevissimum
1461 1137 1707 1164 numerum.

380 1208 459 1249 XI.
493 1204 657 1248 Libido
687 1213 819 1264 atque
850 1202 1045 1259 luxuria,
1079 1211 1309 1245 coercente
1345 1199 1487 1256 nullo,
1514 1198 1712 1244 invalue-

316 1297 396 1331 rat.
427 1292 595 1331 Auctor
626 1285 798 1329 senatui
831 1284 915 1328 fuit
948 1281 1234 1338 decernendi,
1265 1291 1334 1336 ut,
1362 1297 1460 1341 quae
1492 1297 1536 1324 se
1568 1279 1712 1324 alieno

315 1384 442 1412 servo
465 1367 709 1428 junxisset,
743 1363 901 1410 ancilla
928 1364 1169 1408 haberetur
1196 1380 1203 1406 :
1231 1379 1341 1406 neve
1374 1361 1566 1405 filiorum
1590 1361 1712 1405 fami-

318 1449 475 1493 liarum
504 1447 825 1492 feneratoribus
850 1445 1053 1507 exigendi
1078 1443 1233 1489 crediti
1256 1444 1328 1503 jus
1355 1459 1552 1503 unquam
1577 1451 1709 1497 esset,

316 1531 401 1574 hoc
424 1540 510 1585 est,
539 1546 592 1573 ne
617 1538 715 1590 post
743 1537 919 1589 patrum
945 1525 1121 1585 quidem
1153 1534 1352 1568 mortem.

384 1614 490 1656 XII.
518 1611 688 1656 Ceteris
717 1610 761 1652 in
783 1608 913 1652 rebus
933 1608 1080 1651 statim
1112 1607 1166 1649 ab
1194 1606 1319 1650 initio
1344 1605 1617 1666 principatus
1642 1621 1712 1648 us-

313 1710 397 1754 que
417 1692 472 1737 ad
496 1694 663 1736 exitum
691 1689 830 1735 civilis
860 1702 902 1734 et
932 1688 1147 1744 clemens,
1179 1687 1528 1731 mediocritatem
1556 1686 1707 1747 pristi-

315 1791 414 1818 nam
444 1790 585 1833 neque
621 1769 915 1816 dissimulavit
951 1785 1175 1829 unquam,
1205 1785 1253 1811 ac
1290 1767 1541 1827 frequenter
1577 1766 1712 1810 etiam

316 1873 402 1917 prae
426 1872 470 1899 se
495 1853 610 1898 tulit.
641 1853 764 1910 Quin
792 1861 835 1896 et
857 1861 1069 1895 conantes
1094 1847 1310 1909 quosdam
1331 1847 1548 1908 originem
1571 1845 1712 1890 Flavii

314 1937 503 1998 generis‘
526 1935 580 1979 ad
616 1934 865 1978 conditores
909 1933 1103 1976 reatinos
1147 1931 1446 1990 comitemque
1483 1927 1713 1984 Herculis,

315 2019 440 2079 cujus
462 2025 799 2061 monumentum
814 2024 955 2059 exstat
975 2014 1042 2057 via
1065 2012 1253 2067 Salaria,
1277 2011 1459 2066 referre,
1487 2010 1622 2054 irrisit
1647 2008 1714 2054 ul-

317 2109 399 2143 tro.
441 2097 652 2158 Adeoque
697 2095 806 2140 nihil
843 2104 1207 2139 ornamentorum
1244 2093 1513 2137 extrinsecus
1553 2090 1713 2152 cupide

317 2180 557 2241 appetivit,
586 2188 635 2222 ut
669 2177 887 2237 triumphi
913 2176 1006 2232 dic,
1044 2175 1251 2236 fatigatus
1277 2173 1484 2218 tarditate
1510 2181 1554 2216 et
1579 2170 1708 2215 ‘taedio

316 2276 517 2322 pompae,
557 2276 644 2303 non
677 2258 923 2314 reticuerit,
957 2277 976 2298 «
1008 2257 1165 2300 merito
1200 2272 1243 2299 se
1275 2254 1429 2316 plecti,
1455 2254 1530 2314 qui
1556 2254 1712 2296 trium·

318 2341 477 2401 phum,
499 2340 623 2401 quasi
646 2349 722 2382 aut
747 2338 944 2382 debitum
968 2336 1211 2397 majoribus
1242 2336 1330 2379 suis
1347 2369 1358 2390 ,
1383 2344 1459 2378 aut
1486 2341 1709 2395 speratum

319 2438 514 2482 unquam
537 2421 639 2476 sibi,
666 2430 754 2464 tam
775 2421 921 2480 inepte
948 2435 1077 2462 senex
1107 2417 1396 2476 concupisset.
1419 2434 1440 2455 ³>
1469 2417 1534 2459 Ac
1554 2429 1609 2457 ne
1632 2412 1711 2456 tri-

320 2503 540 2546 buniciam
568 2501 746 2562 quidem
783 2508 1072 2561 potestatem,
1096 2508 1138 2541 et
1168 2497 1310 2541 Patris
1339 2495 1489 2556 patriae
1521 2490 1713 2553 appella-

319 2584 504 2637 tionem,
529 2582 611 2625 nisi
634 2598 733 2625 sero
757 2580 933 2641 recepit.
955 2580 1070 2624 Nam
1091 2575 1458 2623 consuetudinem
1485 2570 1710 2618 scrutandi

320 2661 584 2719 salutantes,
613 2671 820 2706 manente
843 2659 987 2703 adhuc
1015 2657 1130 2702 bello
1155 2657 1297 2715 civili,
1327 2656 1548 2700 omiserat.
