1971 3342
318 227 1211 244 mxmltmmmmmlmlmummmmmml
1216 226 1707 241 xwxwkuwvvuvwwmnmxmffi

861 416 1167 483 OTHO.

912 636 1101 646 *

318 804 354 849 l.
384 767 643 851 MAJORES
679 804 873 849 Othonis
908 803 995 846 orti
1025 813 1129 847 sunt
1161 803 1327 865 oppido
1358 804 1618 859 Ferentino,
1650 802 1714 846 fa-

320 883 440 929 milia
472 895 616 929 vetere
635 895 678 929 et
698 885 916 928 honorata
931 918 942 940 ,
972 895 1105 945 atque
1142 901 1193 928 ex
1216 884 1490 945 principibus
1510 885 1713 928 Etruriae.

319 968 439 1010 Avus
459 968 522 1010 M.
547 966 719 1011 Salvius
744 966 886 1022 Otho,
909 976 1032 1026 patre
1053 966 1201 1027 equite
1235 981 1420 1008 romano
1436 1000 1447 1020 ,
1470 975 1610 1009 matre
1634 954 1715 1008 liu-

320 1045 438 1104 mili,
461 1047 679 1091 incertum
700 1064 755 1090 an
778 1047 993 1107 ingenua,
1016 1063 1094 1107 per
1116 1047 1303 1108 gratiam
1325 1046 1460 1090 Liviae
1482 1049 1716 1107 Augustae,

320 1128 366 1170 in
388 1128 513 1188 cujus
535 1126 669 1171 domo
690 1138 909 1183 creverat,
932 1137 1112 1171 senator
1136 1137 1202 1171 est
1223 1127 1386 1183 factus,
1410 1143 1488 1170 nec
1516 1136 1718 1187 praeturae

320 1207 508 1269 gradum
541 1209 739 1253 excessit.
769 1211 899 1253 Pater
930 1211 979 1253 L.
1013 1209 1160 1265 Otho,
1187 1218 1387 1252 materno
1417 1224 1578 1269 genere
1607 1225 1718 1269 prae-

321 1288 462 1347 claro,
485 1289 817 1350 multarumque
847 1300 890 1334 et
914 1306 1175 1351 magnarum
1203 1289 1608 1350 propinquitatum,
1631 1299 1720 1332 tam

322 1387 476 1428 carus,
498 1380 677 1432 tamque
699 1389 789 1415 non
811 1370 1024 1415 absimilis
1053 1371 1161 1415 facie
1185 1370 1365 1414 Tiberio
1394 1371 1585 1431 principi
1611 1370 1717 1424 fuit,

324 1462 373 1496 ut
394 1450 594 1513 plerique
621 1463 905 1514 procreatum
936 1469 987 1496 cx
1013 1469 1063 1496 eo
1091 1451 1334 1495 crederent.
1361 1451 1563 1496 Urbanos
1586 1451 1719 1494 liono-

325 1549 392 1576 res
409 1567 421 1587 ,
456 1532 819 1593 proconsulatum
848 1532 1005 1578 Africae
1022 1568 1034 1589 ‚
1066 1543 1107 1576 et
1135 1532 1485 1577 extraordinaria
1509 1533 1717 1593 imperia,

324 1614 599 1657 severissime
631 1613 972 1657 administravit.
1010 1616 1156 1658 Ausus
1190 1614 1322 1657 etiam
1361 1622 1426 1656 est
1460 1613 1504 1656 in
1546 1612 1720 1673 Illyrico

324 1693 481 1737 milites
503 1694 741 1754 quosdam,
764 1694 883 1755 quod
915 1704 1040 1738 motu
1061 1693 1236 1738 Camilli
1259 1711 1311 1738 ex
1333 1694 1593 1754 poenitentia
1614 1710 1722 1754 prae-

323 1776 490 1837 positos
513 1792 636 1832 suos,
659 1777 782 1836 quasi
805 1775 1062 1819 defectionis
1085 1775 1294 1819 adversus
1315 1773 1552 1819 Claudium
1574 1784 1721 1819 aucto-

325 1872 415 1912 res,
437 1856 711 1913 occiderant,
735 1857 878 1917 capite
897 1856 1077 1916 punire,
1100 1855 1335 1916 etquidem
1357 1865 1461 1899 ante
1481 1855 1721 1916 principia,

328 1953 373 1980 se
393 1953 564 1993 coram,
587 1938 787 1997 quamvis
817 1938 872 1981 ol)
897 1937 939 1980 id
969 1938 1115 1998 ipsum
1137 1946 1364 1998 promotos
1390 1937 1435 1980 in
1460 1935 1723 1998 ampliorem

326 2018 511 2079 gradum
535 2036 558 2062 a
581 2018 768 2064 Claudio
790 2020 933 2063 sciret.
951 2019 1055 2076 Quo
1077 2018 1215 2075 facto,
1238 2019 1351 2061 sicut
1372 2016 1557 2079 gloriam
1580 2019 1723 2075 auxit,

327 2100 388 2143 ita
415 2101 604 2161 gratiam
634 2100 795 2144 minuit
824 2117 833 2143 z
867 2116 1000 2160 quam
1038 2109 1184 2143 tamen
1220 2108 1391 2142 mature
1422 2100 1723 2160 recuperavit,

328 2180 499 2225 detecta
538 2182 696 2242 equitis
727 2181 897 2225 romani
927 2180 1102 2237 fraude,
1138 2197 1291 2241 quem,
1318 2179 1610 2240 prodentibus
1642 2197 1724 2224 ser-

328 2263 417 2317 vis,
444 2279 596 2306 necem
624 2261 812 2306 Claudio
838 2279 1018 2324 parare,
1050 2271 1341 2322 compererat.
1374 2261 1578 2322 Namque
1599 2270 1641 2304 et
1661 2277 1725 2305 se-

329 2353 460 2387 natus
482 2343 650 2388 honore
681 2345 927 2401 rarissimo,
949 2353 1095 2388 statua
1121 2344 1165 2387 in
1192 2342 1362 2387 Palatio
1388 2343 1554 2403 posita,
1578 2357 1724 2403 prose-

327 2434 455 2468 cutus
476 2434 540 2468 est
573 2442 701 2481 eum,
730 2435 771 2469 et
792 2424 1007 2471 Claudius
1033 2424 1240 2469 allectum
1272 2425 1385 2467 inter
1410 2423 1618 2484 patricios
1639 2420 1725 2466 col-

329 2504 513 2549 laudans
539 2505 821 2567 amplissimis
848 2506 1014 2563 verbis,
1043 2505 1127 2548 hoc
1156 2522 1334 2566 quoque
1367 2503 1559 2565 adjecit:
1592 2504 1722 2559 «Vir,

327 2603 416 2646 quo
439 2586 641 2631 meliores
664 2587 829 2640 liberos,
853 2587 1016 2631 habere
1045 2604 1099 2631 ne
1120 2597 1226 2647 opto
1248 2585 1477 2647 quidem.»
1506 2587 1572 2628 Ex
1596 2583 1723 2627 Albia

328 2669 556 2723 Terentia,
591 2667 818 2729 splendida
852 2668 1038 2725 femina,
1069 2668 1177 2712 duos
1210 2667 1307 2712 tulit
1337 2667 1469 2725 filios,
1498 2669 1547 2710 L.
1589 2668 1723 2711 Titia-
