1988 3407
695 215 912 249 HoRixTH
945 216 1076 251 VITA.
1518 234 1585 257 111

197 300 257 343 tni
286 300 392 356 sint,
425 315 556 359 quam
587 298 677 359 ipse
701 314 758 341 es.
787 296 871 341 Sed
896 299 928 340 si
955 297 1030 339 tibi
1060 306 1226 340 statura
1255 299 1399 356 deest,
1426 318 1586 364 roi-pu-

193 379 363 425 sculum
396 396 483 425 non
513 379 642 423 deest.
685 380 838 438 Itaque
875 376 1023 420 licebit
1055 378 1099 420 in
1127 379 1361 424 sextariolo
1393 383 1587 441 scribas;

193 479 329 523 quum
349 462 561 506 circuitus
591 457 827 503 voluminis
855 459 917 502 tui
945 459 998 502 sit
1026 455 1363 518 ὁγκωὲἑστατσς,
1391 464 1501 508 sicut
1524 476 1586 509 est

194 540 427 586 ventriculi
458 542 571 585 tui.»

260 624 326 669 Ad
344 640 412 668 res
430 639 638 667 venereas
661 623 1030 683 intemperantior
1052 624 1256 668 traditur.
1279 623 1412 688 [Nam
1438 644 1589 689 specu-

194 704 283 749 lato
303 701 508 749 cubiculo
530 712 675 746 scorta
693 702 855 746 dicitur
883 703 1087 748 habuisse
1109 705 1318 766 disposita
1338 741 1348 759 ‚
1378 717 1445 764 ut,
1475 726 1587 769 quo·

191 801 367 846 cunque
385 783 662 845 respexisset,
688 783 747 826 ibi
774 784 812 826 ei
838 784 984 846 imago
1010 786 1150 829 coitus
1168 786 1440 852 referretur]
1465 791 1587 834 Vixit

192 866 430 928 plurimum
460 865 504 907 in
530 880 702 908 secessu
730 864 843 908 ruris
867 866 934 909 sui
961 866 1115 909 Sabini
1140 877 1212 910 aut
1238 868 1488 914 Tiburtini:
1510 871 1587 915 do-

191 962 377 1007 musque
412 945 506 1006 ejus
531 944 782 988 ostenditur
818 946 933 989 circa
970 946 1158 990 Tiburni
1194 946 1407 994 luculum.
1437 953 1586 996 Vene-

190 1037 296 1072 runt
322 1026 367 1070 in
388 1042 543 1069 manus
569 1042 686 1069 meas
716 1035 758 1069 et
789 1025 898 1087 elegi
923 1027 1004 1070 sub
1033 1027 1126 1088 ejus
1152 1028 1282 1074 titulo
1299 1065 1309 1085 ,
1336 1041 1378 1074 et
1403 1033 1588 1093 epistola

192 1124 323 1170 prosa
351 1108 576 1163 oratione,
607 1107 731 1166 quasi
761 1107 1116 1152 commendantis
1139 1126 1184 1153 se
1210 1112 1440 1156 Maecenati
1474 1131 1482 1157 ε
1514 1115 1587 1158 scd

192 1199 380 1249 utraque
411 1186 517 1231 falsa
552 1197 674 1248 puto.
704 1188 818 1231 Nam
844 1187 954 1249 elegi
984 1188 1209 1250 vulgares,
1241 1192 1426 1252 epistola
1451 1196 1582 1240 etiam

192 1270 377 1315 obscura
410 1286 418 1311 :
453 1284 541 1328 quo
572 1268 678 1310 vitio
702 1269 884 1312 minime
912 1269 1158 1314 tenebatur.
1196 1273 1336 1315 Natus
1365 1285 1426 1317 est
1464 1287 1588 1320 sexto

192 1350 289 1394 idus
314 1348 589 1402 decembres,
614 1349 753 1392 Lucio
780 1351 938 1406 Cotta,
964 1359 1006 1392 et
1026 1351 1163 1394 Lucio
1198 1354 1453 1414 Torquato,
1482 1373 1587 1401 con-

192 1429 373 1475 sulibus.
400 1429 593 1473 Decessit
623 1429 778 1489 quinto
803 1428 1009 1473 kalendas
1035 1429 1313 1490 decembres,
1341 1436 1446 1479 Caio
1468 1439 1588 1481 Mar-

191 1514 259 1556 cio
292 1509 559 1565 Censorino,
588 1518 629 1553 et
668 1510 776 1554 Caio
805 1511 958 1554 Asinio
988 1511 1147 1565 Gallo,
1178 1513 1457 1573 consulibus,
1490 1532 1586 1579 post

189 1593 423 1654 septimum
452 1600 494 1634 et
525 1590 940 1651 quinquagesimum
971 1608 1158 1650 annum,
1188 1594 1348 1639 herede
1386 1600 1587 1660 Augusto

191 1672 335 1735 palam
363 1680 647 1731 nuncupato,
683 1687 850 1731 quum,
881 1683 1066 1733 urgente
1090 1674 1130 1717 vi
1167 1674 1458 1734 valetudinis,
1499 1698 1585 1724 non

189 1753 411 1798 sufficeret
443 1751 496 1794 ad
536 1751 832 1812 obsignandas
863 1755 1110 1798 testamenti
1147 1755 1330 1800 tabulas.
1361 1758 1587 1805 Humatus

192 1844 234 1878 et
259 1831 464 1877 conditus
492 1840 554 1875 est
585 1833 793 1876 extremis
822 1833 1053 1894 Esquiliis,
1076 1836 1201 1895 juxta
1231 1839 1482 1884 Maecenatis
1514 1852 1585 1885 tu-

192 1913 374 1959 mulum.
