1988 3439
605 251 847 286 OCTAVIUS
880 253 1148 289 AUGUSTUS.
1506 258 1554 293 63

187 347 335 376 rursus
355 342 450 394 post
469 331 659 377 Siculum
679 332 859 378 bellum.
878 335 1064 380 Curules
1081 338 1326 399 triumphos
1344 351 1430 385 tres
1446 342 1554 403 egit,

184 411 494 469 Dalmaticum,
518 413 764 471 Actiacum,
786 413 1155 472 Alexandrinum,
1179 419 1387 465 continuo
1408 422 1554 466 triduo

184 510 346 538 omnes.

244 576 407 619 XXIII.
439 576 605 619 Graves
640 576 900 637 ignomin³as
938 576 1167 639 cladesque
1202 579 1309 624 duas
1351 583 1554 637 omnino,

184 672 261 699 nec
287 653 388 699 alibi
417 672 547 716 quam
573 657 615 700 in
645 659 906 712 Germania,
936 660 1123 719 accepit3
1142 659 1385 705 Lollianam
1408 672 1448 706 et
1471 665 1555 707 Va-

183 736 348 780 rianam
375 753 384 780 :
413 736 486 780 sed
521 735 765 782 Lollianam
804 739 981 799 majoris
1018 739 1230 797 infamiae,
1260 759 1389 802 quam
1422 743 1554 787 detri-

182 817 341 873 menti3
366 818 601 861 Varianam
644 835 765 880 paene
803 819 1090 873 exitiabilem,
1136 821 1275 865 tribus
1312 821 1555 884 legionibus

180 913 280 940 cum
306 896 415 941 duce
439 896 676 960 legatisque
697 909 739 943 et
763 898 936 943 auxiliis
953 900 1156 944 omnibus
1171 902 1303 945 caesis.
1330 905 1422 947 Hac
1442 921 1555 948 nun-

180 978 302 1033 tiata,
344 978 546 1023 excubias
581 996 659 1040 per
687 980 853 1025 Urbem
890 979 1070 1039 indixit,
1108 998 1163 1026 ne
1197 983 1294 1043 quis
1338 984 1554 1028 tumultus

177 1059 415 1104 existeret:
447 1070 490 1104 et
519 1060 774 1121 praesidibus
814 1063 1141 1122 provinciarum
1174 1066 1435 1125 propagavit
1470 1067 1552 1108 im-

177 1140 368 1199 perium,
396 1150 445 1184 ut
477 1151 519 1185 et
551 1158 574 1185 a
606 1143 755 1203 peritis
781 1152 824 1186 et
853 1145 1033 1187 assuetis
1069 1145 1173 1187 socii
1209 1146 1550 1191 continerentur.

177 1221 312 1264 Vovit
331 1231 372 1265 ct
396 1238 577 1283 magnos
607 1221 734 1267 ludos
758 1225 854 1267 Jovi
877 1225 1058 1284 Optimo
1082 1226 1298 1282 Maximo,
1327 1242 1364 1270 sl
1394 1243 1555 1272 nnspu-

177 1317 307 1347 BLICA.
345 1318 393 1347 ΙΝ
432 1319 679 1348 MELionEM
711 1320 894 1349 STATt‘M
926 1321 1164 1350 vERTlssrT
1193 1323 1201 1349 :
1230 1306 1346 1367 quod
1390 1308 1553 1352 factum

175 1382 384 1427 cimbrico
419 1384 693 1444 marsicoque
719 1382 834 1427 bello
861 1394 965 1428 erat.
996 1385 1118 1429 Adeo
1144 1386 1330 1447 denique
1356 1398 1552 1432 conster-

176 1472 329 1507 natum
354 1463 521 1520 ferunt,
549 1474 599 1508 ut
624 1481 701 1526 per
727 1464 959 1508 continuos
988 1481 1181 1523 menses,
1211 1467 1346 1510 barba
1372 1468 1552 1528 capillo-

175 1561 260 1605 que
282 1546 535 1601 summisso,
562 1554 693 1606 caput
719 1544 940 1589 interdum
965 1545 1132 1591 foribus
1159 1545 1367 1605 illideret,
1392 1550 1553 1593 vocife-

174 1641 275 1669 rans
301 1642 310 1668 :
339 1624 556 1683 Quinctili
586 1628 729 1683 Vare,
763 1625 953 1687 legiones
986 1625 1136 1671 redde!
1168 1629 1384 1689 Diemque
1420 1629 1552 1674 cladis

174 1707 408 1766 quotannis
434 1716 639 1751 moestum
668 1707 869 1751 habuerit
896 1724 945 1751 ac
965 1706 1211 1769 lugubrem.

238 1789 400 1831 XXIV.
427 1789 478 1831 In
505 1804 551 1831 re
577 1786 754 1831 militari
781 1798 823 1832 et
853 1789 1141 1832 commutavit
1168 1788 1329 1847 multa,
1359 1801 1401 1834 ct
1428 1792 1552 1835 insti-

177 1869 259 1911 tuit
284 1884 292 1911 :
321 1878 452 1928 atque
476 1869 605 1911 etiam
633 1867 687 1912 ad
711 1870 940 1929 antiquum
976 1886 1141 1913 morem
1172 1870 1386 1915 nonnulla
1421 1889 1549 1916 revo-

174 1949 300 1992 cavit.
330 1948 617 2010 Disciplinam
649 1951 917 1994 scverissimc
936 1950 1046 1993 rexit
1072 1967 1081 1993 :
1109 1967 1162 1993 ne
1188 1950 1433 2012 legatorum
1455 1954 1551 2013 qui-

174 2029 272 2074 dem
303 2031 532 2090 cuiquam,
562 2031 642 2073 nisi
679 2040 873 2091 gravate,
914 2030 1193 2091 hibernisque
1224 2031 1400 2075 demum
1439 2050 1552 2076 men-

174 2111 316 2167 sibus,
339 2112 535 2172 permisit
559 2128 740 2155 uxorem
777 2112 1041 2155 intervisere.
1069 2113 1272 2171 Equitem
1297 2129 1549 2168 romanum,

173 2190 292 2252 quod
318 2191 488 2235 dnobus
515 2191 612 2235 filiis
638 2191 1006 2244 adolescentibus,
1036 2208 1164 2235 causa
1192 2191 1462 2236 detrectandi
1484 2210 1548 2237 sa-

174 2272 406 2326 cramenti,
434 2270 609 2332 pollices
633 2281 924 2331 amputasset,
957 2273 1099 2331 ipsum
1130 2272 1332 2332 bonaque
1364 2274 1546 2334 subjecit

175 2352 306 2396 hastae.
331 2370 339 2395 :
367 2368 495 2411 quem
520 2361 689 2404 tamen,
719 2351 835 2410 quod
862 2353 1086 2395 imminere
1111 2354 1322 2412 emptioni
1352 2352 1545 2413 publica-

175 2450 252 2477 nos
280 2431 478 2489 videbat,
507 2431 662 2476 liberto
688 2448 766 2475 suo
792 2431 979 2486 a‘ldixit,
1007 2441 1054 2474 ut
1081 2430 1320 2492 relegatum
1348 2434 1389 2475 in
1421 2450 1548 2494 agros

174 2531 254 2575 pro
282 2512 418 2557 libero
450 2530 539 2557 csse
568 2514 738 2557 sineret.
780 2513 1003 2556 Decimam
1041 2510 1283 2572 legionem,
1320 2523 1548 2556 contuma-

174 2595 266 2638 cius
302 2605 556 2655 parentem,
600 2609 699 2637 cum
744 2594 982 2654 ignominia
1021 2602 1156 2635 totam
1205 2591 1366 2635 dimisit
1399 2609 1407 2634 :
1447 2594 1544 2636 item

176 2672 297 2728 alias,
317 2674 570 2718 immodeste
596 2675 841 2717 missionem
871 2672 1155 2733 postulantes,
1185 2673 1291 2715 eitra
1318 2673 1544 2716 commoda
