1988 3439
844 276 983 311 NERO.
1512 285 1554 321 934
1565 293 1582 323 7

236 374 476 407 revertar.»
514 368 723 409 (ζωιῐαηῑε
758 376 834 414 e0,
876 376 926 402 ue
967 360 1201 402 necessaria
1240 360 1412 417 quidem
1455 377 1582 405 causa

234 444 434 487 excedere
465 444 631 487 theatro
662 440 825 484 licitum
851 449 956 482 erat.
986 440 1133 498 Itaque
1166 448 1209 480 et
1231 439 1366 482 enixae
1388 440 1582 498 quaedam

234 523 275 565 in
303 522 551 583 spectaculis
574 520 792 573 dicuntur,
812 528 852 562 et
877 518 1000 562 multi
1028 517 1154 561 taedio
1177 517 1378 560 audiendi
1402 518 1580 562 laudan-

233 602 385 662 dique,
418 601 569 645 clausis
593 599 854 661 oppidorum
889 599 1048 658 portis,
1084 608 1158 640 aut
1186 597 1332 640 furtim
1364 597 1583 642 desiluisse

233 681 284 724 de
321 696 466 736 muro,
495 689 568 723 aut
596 688 734 723 morte
767 677 962 722 simulata
998 678 1148 721 funere
1178 676 1291 720 elati.
1329 678 1473 733 Quam
1508 694 1582 720 au-

235 769 315 803 tem
340 758 504 819 trepide
535 760 744 818 anxieque
770 759 1022 811 certaverit,
1046 766 1207 816 quanta
1238 756 1580 799 adversariorum

231 837 524 893 aemulatione,
553 854 639 899 quo
672 848 788 881 metu
818 837 1029 898 judicum,
1061 838 1128 879 vix
1163 834 1277 879 credi
1310 845 1463 895 potest.
1495 836 1580 880 Ad-

217 918 459 972 ‘versarios,
495 920 616 979 quasi
644 917 770 978 plane
798 917 1058 961 conditionis
1088 916 1299 976 ejusdem,
1329 915 1582 968 observare,

230 1007 420 1058 captare,
447 997 652 1041 infamare
673 1008 836 1041 secreto
852 1032 863 1051 ,
891 1012 1202 1056 nonnunquam
1220 1012 1268 1038 ex
1287 1011 1465 1038 occursu
1492 1011 1580 1037 ma-

231 1077 394 1121 ledictis
416 1078 649 1132 incessere,
679 1094 752 1133 ac,
777 1079 810 1121 si
832 1078 905 1138 qui
934 1086 1025 1120 arte
1050 1075 1360 1137 praecellerent,
1387 1091 1580 1118 corrum-

235 1173 334 1218 pere
356 1158 485 1201 etiam
515 1157 691 1201 solebat.
718 1157 886 1202 Judiccs
920 1167 1059 1200 autem
1078 1190 1088 1209 ,
1115 1157 1233 1215 prius
1261 1171 1389 1214 quam
1422 1155 1580 1214 incipe-

234 1246 318 1292 ret,
347 1238 688 1280 reverentissime
724 1235 1037 1296 alloquebatur,
1073 1235 1272 1278 «Omnia
1310 1250 1353 1276 se
1390 1233 1583 1276 facienda

231 1317 403 1371 secisse,
427 1316 500 1360 sed
536 1326 735 1360 eventum
768 1318 809 1359 in
848 1332 976 1359 mauu
1010 1331 1098 1358 esse
1127 1317 1326 1357 Fortunae
1354 1330 1362 1355 :
1392 1312 1504 1367 illos,
1541 1323 1582 1355 ut

229 1396 443 1456 sapientes
468 1406 510 1439 et
542 1396 692 1439 doctos
727 1398 861 1447 viros,
892 1396 1065 1438 fortuita
1097 1394 1250 1437 debere
1281 1392 1508 1436 excludere
1533 1411 1540 1435 :
1567 1415 1583 1432 »

229 1484 382 1534 atque,
407 1485 455 1518 ut
480 1475 683 1529 auderet,
713 1474 1007 1526 hortantibus,
1033 1474 1218 1532 aequiore
1247 1473 1391 1514 animo
1418 1471 1582 1514 recede-

231 1555 330 1607 bat;
352 1570 401 1597 ac
427 1570 479 1598 ne
506 1555 565 1597 sic
591 1553 764 1614 quidem
788 1554 878 1595 sine
906 1551 1217 1606 sollicitudine,
1243 1551 1581 1593 taciturnitatem

231 1633 525 1695 pudoremque
547 1633 834 1694 quorumdam
855 1649 934 1693 pro
960 1632 1132 1675 tristitia
1160 1641 1199 1674 et
1222 1630 1490 1690 malignitate
1514 1647 1582 1672 ai·-

230 1729 392 1773 guens,
418 1723 722 1774 suspectosque
747 1713 826 1756 sibi
850 1712 1008 1755 dicens.

295 1794 456 1837 XXIV.
486 1795 534 1836 ln
568 1792 770 1836 certando
801 1808 902 1835 vero
930 1793 987 1834 ita
1012 1790 1091 1851 legi
1121 1790 1375 1843 obediebat,
1405 1799 1450 1832 ut
1477 1805 1585 1831 uun-

231 1889 360 1933 quam
384 1888 605 1916 exscreare
629 1888 777 1926 ausus,
803 1871 1002 1914 sudorem
1030 1887 1202 1930 quoque
1231 1870 1386 1913 frontis
1411 1869 1586 1912 brachio

231 1953 471 2014 detergeret
499 1970 507 1995 :
537 1963 664 2011 atque
690 1953 815 1995 etiam
844 1953 884 1993 in
912 1951 1077 2011 tragico
1097 1950 1284 2009 quodam
1307 1959 1403 1992 actu
1419 1984 1429 2001 ,
1453 1965 1585 2008 quum

230 2031 425 2093 elapsum
457 2030 656 2075 baculum
680 2032 763 2074 cito
792 2032 1079 2085 resumsissct,
1102 2028 1280 2089 pavidus
1304 2038 1344 2070 vt
1369 2037 1560 2070 metucns
1576 2062 1586 2081 ,

233 2127 285 2154 ne
323 2111 379 2154 ob
420 2110 622 2154 delictum
666 2111 898 2154 certamine
935 2118 1290 2161 summoveretur,
1335 2124 1421 2149 non
1465 2106 1588 2149 alitcr

234 2189 512 2234 confirmatus
527 2199 589 2233 est
605 2224 615 2243 ,
635 2206 761 2249 quam
780 2189 1005 2250 adjurante
1022 2189 1244 2249 hypocrita
1262 2221 1272 2239 ,
1296 2203 1378 2229 non
1400 2184 1587 2228 animad-

237 2286 403 2313 versum
430 2268 471 2312 id
493 2270 604 2312 inter
625 2268 930 2312 exsultationes
955 2268 1395 2325 succlamationesque
1421 2263 1584 2325 populi.

238 2351 454 2393 Victorem
486 2358 626 2392 autem
653 2365 695 2391 se
730 2349 816 2408 ipse
846 2348 1180 2407 pronunciabat,
1207 2362 1290 2405 qua
1314 2345 1366 2388 de
1390 2360 1517 2387 causa
1545 2354 1586 2386 et

236 2430 450 2490 praeconio
478 2428 637 2488 ubique
659 2427 893 2471 contendit.
926 2430 984 2470 Ac
1012 2443 1064 2469 nc
1092 2426 1212 2485 cujus
1242 2423 1417 2467 alterius
1443 2423 1585 2465 hiero-

238 2511 430 2554 nicarum
456 2509 662 2552 memoria
685 2517 758 2552 aut
788 2509 1010 2568 vestigium
1037 2515 1219 2549 exstaret
1247 2520 1455 2564 usquam,
1484 2504 1586 2545 sub-

238 2590 344 2633 verti
368 2598 409 2632 ct
435 2604 548 2632 unco
575 2589 684 2632 trahi
713 2588 925 2648 abjicique
948 2588 988 2629 in
1013 2585 1186 2629 lati-inas
1213 2585 1404 2627 omnium
1429 2592 1586 2625 statuas

235 2678 275 2713 et
306 2670 532 2730 imagines,
564 2668 798 2729 imperavit.
839 2667 1057 2727 Aurigavit
1091 2681 1262 2725 quoquc
1292 2662 1585 2722 plurifariam,
