1988 3439
732 256 970 291 TIBERIUS.
1468 255 1537 290 123

173 338 294 382 dema
324 340 542 400 imposuit.
569 338 748 399 Recepit
766 348 807 382 et
829 339 975 399 signa,
997 353 1092 397 quae
1112 339 1173 380 M.
1194 340 1349 381 Crasso
1370 337 1539 382 ademe-

175 429 270 462 rant
286 420 448 464 Parthi.
469 423 571 465 Post
590 419 679 462 haec
700 421 927 462 Comatam
952 417 1141 462 Galliam
1165 433 1280 460 anno
1301 416 1387 461 fere
1407 419 1540 475 rexit,

172 510 215 544 et
233 501 518 545 barbarorum
537 500 883 556 incursionibus,
911 509 953 543 et
977 499 1224 560 principum
1245 497 1460 543 discordia
1482 500 1542 543 in-

174 581 376 640 quietam.
415 581 526 625 Exin
565 580 778 624 Raeticum
814 578 1176 640 Vindelicumque
1215 577 1402 635 bellum,
1444 579 1543 622 inde

173 662 482 706 Germanicum
506 662 647 723 gessit.
670 661 832 706 Raetico
855 671 983 721 atque
1004 659 1233 704 Vindelico
1255 668 1404 721 gentes
1425 658 1545 720 Alpi-

175 758 272 798 nas3
305 743 557 787 Pannonico
588 745 777 787 Breucos
809 752 852 786 et
880 740 1104 786 Dalmatas
1132 741 1327 802 subegit3
1361 742 1544 785 Germa—

174 823 271 866 nico
293 822 582 884 quadraginta
605 822 740 867 millia
764 822 1067 868 dediticiorum
1086 822 1254 883 trajecit
1272 821 1315 864 in
1335 819 1544 876 Galliam,

170 903 382 963 juxtaque
399 903 539 965 ripam
556 903 698 948 Rheni
724 903 898 948 sedibus
914 903 1140 964 assignatis
1161 901 1402 946 collocavit.
1424 902 1545 958 Quas

174 984 228 1026 ob
253 1000 341 1042 res,
366 993 408 1028 et
432 1001 589 1043 ovans,
610 994 651 1029 et
672 1002 805 1029 curru
827 985 992 1030 Urbem
1016 985 1231 1045 ingressus
1254 992 1339 1041 est,
1358 983 1546 1044 primus,

175 1074 222 1107 ut
245 1065 423 1125 quidam
442 1076 621 1127 putant,
639 1065 976 1128 triumphalibus
996 1066 1260 1109 ornamentis
1283 1065 1546 1121 honoratus,

176 1161 291 1188 novo
319 1162 396 1189 nec
424 1156 551 1190 antea
578 1147 782 1207 cuiquam
808 1147 974 1190 tributo
996 1162 1151 1207 genere
1169 1145 1362 1189 honoris.
1385 1145 1548 1205 Magis-

178 1234 314 1268 tratus
334 1235 376 1269 et
397 1228 609 1271 maturius
629 1227 871 1282 inchoavit,
892 1237 934 1270 et
960 1243 1080 1287 paene
1100 1226 1287 1285 junctim
1312 1241 1548 1286 percucur-

175 1306 229 1348 rit
254 1316 542 1366 quaesturam,
574 1318 834 1368 praeturam,
869 1305 1144 1351 consulatum
1166 1323 1174 1348 :
1204 1306 1547 1366 interpositoque

174 1395 389 1447 tempore,
411 1387 561 1431 consul
587 1389 743 1431 iterum
771 1389 899 1432 etiam
925 1387 1201 1430 tribuniciam
1224 1395 1479 1447 potestatem
1502 1386 1546 1428 in

173 1468 524 1528 quinquennium
549 1469 726 1530 accepit.

235 1549 291 1591 X.
319 1550 404 1592 Tot
427 1550 644 1610 prosperis
664 1549 1005 1604 confluentibus,
1032 1550 1196 1609 integra
1221 1557 1345 1592 aetate
1369 1564 1418 1591 ac
1440 1546 1550 1591 vale-

175 1629 350 1687 tudine,
385 1631 538 1674 statuit
568 1640 745 1691 repente
779 1630 997 1686 secedere,
1032 1646 1160 1690 seque
1190 1646 1213 1673 e
1247 1627 1388 1672 medio
1420 1645 1549 1689 quam

175 1710 422 1772 longissime
442 1728 642 1756 amovere
663 1730 672 1755 ε
699 1711 901 1768 dubium,
927 1712 1130 1755 uxorisne
1154 1709 1300 1765 taedio,
1321 1726 1451 1770 quam
1477 1726 1550 1753 ne-

177 1810 261 1853 que
296 1794 515 1837 criminari
547 1803 622 1837 aut
661 1793 878 1836 dimittere
913 1792 1113 1847 auderet,
1143 1808 1281 1852 neque
1312 1789 1426 1834 ultra
1453 1807 1551 1851 per-

178 1873 286 1917 ferre
311 1883 482 1935 posset3
508 1890 563 1917 an
592 1883 666 1930 ut,
695 1874 829 1917 vitato
854 1872 1118 1916 assiduitatis
1142 1871 1335 1927 fastidio,
1361 1871 1552 1914 auctori-

177 1964 307 1998 tatem
335 1954 528 1998 absentia
550 1964 765 2010 tueretur,
788 1964 918 2014 atque
940 1954 1068 1996 etiam
1092 1961 1294 2013 augeret,
1321 1952 1354 1995 si
1375 1951 1552 2012 quando

179 2036 433 2096 indiguisset
473 2036 539 2079 sui
577 2034 835 2097 respublica.
871 2033 1062 2091 Quidam
1096 2033 1363 2088 existimant,
1395 2031 1554 2076 adultis

175 2117 262 2176 jam
278 2116 462 2177 Augusti
479 2114 645 2173 liberis,
661 2115 756 2160 loco
771 2126 813 2159 et
830 2116 951 2176 quasi
971 2114 1239 2176 possessione
1259 2113 1453 2174 usurpati
1470 2130 1494 2156 a
1511 2130 1554 2155 se
1615 2112 1620 2118 ⁴

180 2196 253 2240 diu
271 2196 447 2240 secundi
465 2196 623 2257 gradus
644 2206 798 2256 sponte
821 2196 1014 2251 cessisse,
1035 2193 1231 2254 exemplo
1247 2195 1307 2237 M.
1328 2194 1553 2254 Agrippae,

180 2279 274 2336 qui,
299 2278 359 2320 M.
387 2275 596 2320 Marcello
623 2277 676 2319 ad
703 2293 883 2319 munera
904 2274 1078 2336 publica
1099 2274 1300 2328 admoto,
1321 2273 1555 2334 Mytilenas

181 2359 362 2412 abierit3
391 2375 442 2401 ne
471 2367 547 2400 aut
571 2357 770 2411 obstare,
799 2366 873 2399 aut
902 2355 1146 2400 obtrectare
1175 2372 1360 2416 praesens
1390 2354 1555 2398 videre-

183 2447 265 2481 tur.
299 2442 445 2496 Quam
477 2455 649 2482 causam
682 2447 723 2481 et
758 2438 869 2498 ipsc,
901 2436 975 2480 sed
1003 2447 1179 2498 postea,
1208 2435 1407 2479 reddidit.
1433 2436 1557 2478 Tunc

183 2529 326 2562 autem
355 2519 571 2562 honorum
601 2520 840 2563 satietatem
864 2536 912 2562 ac
937 2520 1126 2578 requiem
1152 2517 1349 2560 laborum
1375 2525 1558 2576 praeten-

185 2600 312 2655 dens,
345 2611 635 2644 commeatum
675 2601 808 2660 petiit.
846 2601 995 2660 Neque
1030 2609 1104 2642 aut
1139 2599 1265 2642 matri
1304 2594 1558 2656 suppliciter

188 2683 406 2741 precanti,
430 2693 497 2726 aut
533 2683 709 2731 viu-im,
737 2682 871 2724 ‹lesrri
902 2699 943 2722 sc·
972 2681 1099 2723 ctiam
1129 2681 1168 2722 iu
1197 2688 1344 2722 senatu
1372 2692 1559 2736 conque·
