1988 3407
793 266 1070 303 VITELLIUS.
1581 267 1626 304 31

233 350 302 396 lici
331 350 564 412 imperavit
591 369 598 394 :
633 351 808 412 egregie
846 366 1026 411 prorsus
1055 358 1187 410 atque
1223 351 1475 411 magnifice,
1508 363 1550 396 et
1576 361 1625 396 ut

233 433 392 476 summi
423 432 632 492 principis
653 447 776 492 spem
812 430 1092 488 ostenderet,
1123 431 1207 474 nisi
1231 440 1379 475 cetera
1408 434 1546 494 magis
1574 450 1626 477 ex

232 523 410 569 natura,
448 523 490 557 et
515 513 662 574 priore
692 513 781 556 vita
816 528 921 567 sua,
953 529 1087 573 quam
1115 528 1167 556 ex
1193 512 1369 573 imperii
1401 514 1621 574 majestat(

231 595 444 655 gessisset.
473 594 674 654 Namque
700 593 857 637 itinere
882 593 1090 637 inchoato
1106 628 1117 649 ,
1142 609 1219 655 per
1239 592 1406 637 medias
1428 594 1627 639 civitates

231 675 316 718 ritu
351 673 721 734 triumphantium
760 684 912 719 vectus
938 684 1001 719 est
1027 691 1035 718 :
1065 691 1231 736 perque
1257 674 1441 719 flumina
1469 674 1624 719 delica-

232 755 408 799 tissimis
439 754 652 816 navigiis,
693 764 736 799 et
766 756 988 800 variarum
1029 772 1296 800 coronarum
1325 772 1485 818 genere
1512 757 1626 800 redi-

231 836 369 891 mitis,
398 835 514 879 inter
541 835 869 896 profusissimos
891 837 1180 897 opsoniorum
1209 847 1477 899 apparatus,
1508 837 1627 882 nulla

229 915 405 961 familiae
448 925 525 960 aut
562 915 713 961 militis
740 916 999 979 disciplina,
1041 919 1219 979 rapinas
1255 935 1306 963 ac
1333 917 1624 980 petulantiam

225 998 426 1042 omnium
456 998 499 1041 iu
525 998 675 1059 jocum
707 1008 904 1055 vertens,
927 999 1004 1059 qui
1027 1015 1117 1042 non
1140 1001 1339 1043 contenti
1369 999 1502 1062 epulo
1529 1001 1626 1044 ubi-

226 1095 312 1139 que
340 1078 517 1141 publice
545 1080 729 1141 praebiio
749 1116 759 1135 ,
791 1096 1082 1141 quoscunque
1107 1079 1331 1138 libuisset,
1358 1081 1402 1125 in
1445 1081 1625 1126 liberta-

229 1169 317 1204 tem
342 1160 619 1217 asserebant,
654 1161 840 1204 verbera
864 1171 908 1204 et
937 1160 1110 1222 plagas,
1145 1178 1258 1222 saepe
1284 1161 1490 1220 vulnera,
1513 1180 1625 1207 non-

229 1257 459 1302 nunquam
488 1257 663 1296 necem,
706 1251 1068 1303 repraesentantes
1097 1241 1446 1288 adversantibus.
1479 1247 1627 1305 thue

227 1339 429 1384 campos,
474 1324 517 1366 in
558 1322 719 1383 quibus
748 1332 995 1384 pugnatum
1042 1333 1128 1379 est,
1170 1323 1305 1383 adiit,
1335 1325 1624 1369 abhorrentes

228 1403 442 1463 quosdam
467 1402 733 1447 cadaverum
761 1404 906 1447 tabem
924 1439 935 1459 ,
957 1403 1204 1448 detestabili
1233 1422 1339 1449 voce
1361 1406 1626 1451 confirmare

226 1500 358 1529 ausus
385 1494 451 1528 est
482 1501 491 1527 :
521 1503 542 1525 c<
564 1485 746 1545 Optime
786 1483 906 1528 olere
944 1485 1137 1529 occisum
1164 1485 1362 1542 hostem,
1389 1496 1432 1530 et
1467 1486 1622 1530 melius

229 1566 384 1610 civem.
405 1585 426 1607 »
461 1566 555 1610 Nec
582 1582 633 1609 eo
669 1566 810 1610 secius
832 1565 887 1610 ad
913 1565 1160 1610 leniendam
1187 1567 1447 1628 gravitatem
1474 1567 1623 1611 odoris

228 1646 470 1708 plurimum
486 1647 597 1691 meri
616 1646 847 1709 propalam
871 1647 1037 1704 hausit,
1060 1649 1313 1709 passimque
1331 1647 1492 1692 divisit.
1521 1651 1621 1693 Pari

225 1729 418 1772 vanitate
457 1738 590 1789 atque
623 1727 855 1773 insolentia
898 1727 1112 1790 lapidem,
1155 1730 1394 1774 Memoria?
1431 1730 1625 1776 Othonis

225 1810 508 1870 inscriptum,
546 1810 746 1866 intuens,
780 1829 800 1851 «
828 1809 1012 1871 dignum
1039 1827 1092 1855 eo
1120 1809 1386 1854 mausoleo»
1412 1812 1471 1854 ait
1504 1828 1512 1855 :
1539 1829 1622 1872 pu-

226 1891 515 1952 gionemque,
551 1907 638 1950 quo
669 1890 703 1934 is
735 1907 779 1934 se
810 1891 1053 1946 occiderat,
1082 1892 1125 1935 in
1156 1893 1525 1953 Agrippinensem
1551 1909 1624 1936 co-

227 1969 392 2015 loniam
431 1972 578 2024 misit,
605 1972 739 2015 Marti
775 1971 1082 2016 dedicandum.
1115 1973 1165 2015 In
1192 1974 1414 2033 Apennini
1441 1973 1621 2034 quidem

222 2054 337 2115 jugis
363 2054 495 2098 etiam
525 2053 803 2115 pervigilium
831 2055 932 2116 egit.

293 2135 370 2177 XI.
397 2134 566 2179 Urbem
597 2134 788 2195 denique
814 2135 867 2179 ad
895 2133 1128 2179 classicum
1160 2136 1331 2180 introiit
1360 2135 1623 2198 paludatus,

228 2215 435 2275 ferroque
462 2216 737 2271 succinctus,
764 2217 879 2260 inter
904 2217 1027 2278 signa
1054 2226 1186 2278 atque
1210 2216 1393 2274 vexilla,
1415 2216 1623 2280 sagulatis

224 2296 480 2352 comitibus,
498 2311 548 2340 ac
564 2295 743 2340 detectis
759 2295 1113 2341 commilitonum
1130 2299 1276 2343 armis.
1297 2300 1441 2360 Magis
1463 2299 1622 2343 deindo

225 2396 274 2423 ac
316 2378 453 2440 magis
496 2379 616 2422 omni
656 2378 806 2422 (livino
839 2380 1121 2441 humanoque
1153 2381 1254 2440 jure
1288 2381 1515 2443 neglecto,
1542 2381 1620 2427 Al-

227 2459 350 2504 liensi
380 2459 449 2503 die
478 2460 782 2520 pontificatum
819 2462 1058 2505 maximum
1086 2461 1201 2524 cepit
1228 2480 1236 2505 :
1268 2464 1445 2507 comitia
1477 2465 1519 2507 in
1546 2463 1620 2507 ‹lc—

225 2559 319 2587 cem
344 2558 485 2586 annos
503 2541 747 2597 ordinavit,
774 2558 908 2604 seque
932 2552 1196 2604 perpetuum
1219 2543 1458 2588 consulem.
1488 2547 1545 2589 Et
1569 2563 1623 2589 ne

224 2625 294 2668 cui
325 2622 511 2668 dubium
542 2623 676 2679 foret,
718 2622 836 2684 quod
866 2623 1088 2685 exemplar
1128 2624 1328 2686 regendae
1363 2625 1617 2687 reipublicae

224 2705 426 2767 eligeret,
452 2703 595 2748 medio
624 2705 791 2749 Martio
817 2721 994 2766 campo,
1020 2705 1217 2749 adhibita
1243 2705 1522 2767 publicorum
1549 2725 1616 2751 sa-
