1971 3342
348 254 369 288 (ἱ
890 254 929 287 C.
961 252 1154 287 SUETON
1159 251 1195 285 11

348 337 518 393 lacum,
547 336 620 380 ubi
647 336 858 397 adaquari
879 334 1046 379 solebat
1061 369 1073 391 ,
1093 333 1326 378 duceretur
1346 335 1488 395 capite
1513 333 1734 392 involuto,

346 429 476 479 atque
506 417 669 463 ibidem
699 416 914 472 revelato,
943 416 1038 477 ejus
1065 425 1202 472 esset,
1226 414 1282 459 ad
1308 431 1439 475 quem
1465 425 1620 478 sponte
1645 433 1689 460 se
1714 434 1736 460 a

347 509 455 561 potu
482 500 727 561 recepisset.

410 582 534 625 VIII.
551 580 622 626 Oh
643 596 738 637 res,
766 589 808 623 et
833 589 938 623 tunc
965 580 1010 622 in
1037 578 1206 634 Africa,
1234 588 1277 623 et
1301 577 1407 623 olim
1428 580 1471 622 in
1496 580 1735 623 Germania

346 670 512 722 gestas,
538 669 798 704 ornamenta
829 658 1114 720 triumphalia
1143 660 1334 721 accepit,
1364 669 1406 703 et
1442 659 1736 704 sacerdotium

345 741 531 804 triplex,
567 742 681 785 inter
719 741 1094 802 quindecimviros
1132 739 1388 801 sodalesque
1423 741 1587 797 Titios,
1629 741 1735 785 item

344 821 628 884 Augustales,
658 831 892 884 cooptatus
922 839 931 865 ε
958 831 1088 882 atque
1122 838 1173 865 ex
1202 838 1252 865 eo
1287 831 1485 882 tempore
1515 838 1653 883 prope
1682 821 1736 865 ad

345 902 538 947 medium
560 904 751 948 Neronis
770 903 1067 964 principatum
1087 903 1130 946 in
1150 918 1317 946 secessu
1343 901 1583 964 plurimum
1609 903 1738 957 vixit,

347 1000 399 1027 ue
426 983 481 1027 ad
507 983 769 1045 gestandum
797 982 976 1044 quidem
1006 999 1201 1043 unquam
1233 981 1359 1027 aliter
1387 983 1467 1026 iter
1492 983 1738 1043 ingressus,

345 1081 478 1124 quam
511 1074 561 1108 ut
596 1081 745 1108 secum
775 1062 978 1108 vehiculo
1005 1064 1208 1124 proximo
1242 1063 1382 1107 decies
1416 1063 1663 1107 sestertium
1694 1064 1738 1106 in

344 1161 453 1188 auro
478 1143 680 1201 efferret,
708 1144 848 1189 donec
870 1145 915 1187 in
937 1144 1102 1205 oppido
1126 1143 1289 1188 Fundis
1316 1143 1503 1187 moranti
1528 1144 1739 1204 Hispania

343 1226 690 1270 Tarraconensis
710 1224 857 1270 oblata
884 1234 961 1268 est.
994 1223 1281 1284 Acciditque,
1308 1235 1374 1280 ut,
1399 1240 1535 1284 quum
1561 1224 1738 1284 provin-

346 1307 460 1351 ciam
484 1307 705 1368 ingressus
735 1306 999 1351 sacrificaret
1024 1307 1138 1349 intra
1165 1305 1301 1349 aedem
1334 1304 1579 1366 publicam,
1600 1322 1738 1366 puero

344 1404 367 1430 e
387 1387 598 1431 ministris
612 1422 623 1444 ,
648 1403 846 1431 acerram
867 1387 1055 1442 tenenti,
1076 1384 1259 1446 capillus
1282 1395 1463 1446 repente
1482 1395 1573 1429 toto
1595 1387 1739 1446 capite

345 1478 609 1511 canesceret.
638 1468 730 1512 Nec
756 1466 1017 1523 defuerunt,
1045 1468 1118 1527 qui
1143 1467 1551 1526 interpretarentur,
1574 1466 1740 1527 signifi-

345 1549 435 1592 cari
463 1565 611 1593 rerum
637 1549 949 1603 mutationem,
975 1563 1368 1607 successurumque
1389 1547 1541 1607 juveni
1568 1564 1737 1604 senem,

344 1629 430 1674 hoc
459 1639 547 1682 est,
579 1631 722 1690 ipsum
762 1630 944 1674 Neroni.
976 1630 1078 1674 Non
1109 1628 1249 1672 multo
1281 1639 1378 1689 post
1411 1629 1452 1671 ixi
1489 1629 1739 1673 Cantabriae

346 1710 488 1754 lacum
518 1710 684 1755 fulmen
709 1710 872 1755 decidit
898 1728 906 1753 z
939 1720 1211 1771 repertaeque
1233 1719 1336 1753 sunt
1358 1709 1592 1753 duodecim
1615 1727 1738 1754 secu-

346 1808 440 1844 res,
464 1790 583 1835 haud
612 1792 870 1852 ambiguum
898 1791 1057 1835 summi
1083 1791 1254 1851 imperii
1280 1791 1468 1851 signum.

411 1874 486 1916 IX.
515 1873 598 1916 Per
624 1882 725 1916 octo
749 1888 889 1915 annos
916 1872 1034 1915 varie
1058 1881 1099 1915 et
1120 1869 1440 1931 inaequabiliter
1463 1872 1736 1932 provinciam

345 1954 468 1997 rexit.
497 1955 648 1997 Primo
681 1970 802 2009 acer,
834 1953 1095 2006 vehemens,
1126 1962 1166 1996 et
1196 1953 1239 1995 in
1274 1951 1526 1995 coercendis
1557 1952 1736 2013 quidem

345 2032 514 2078 delictis
535 2033 598 2078 vel
619 2033 892 2078 immodicus.
918 2034 1033 2078 Nam
1057 2042 1097 2076 et
1122 2031 1438 2088 nummulario,
1466 2049 1553 2076 non
1579 2049 1630 2076 ex
1653 2033 1738 2077 fide

346 2117 533 2159 versanti
560 2116 770 2176 pecunias
785 2149 797 2172 ,
820 2130 975 2157 manus
1000 2114 1272 2174 amputavit,
1293 2130 1542 2174 mensaeque
1565 2114 1658 2174 ejus
1678 2113 1737 2157 af-

344 2196 463 2252 fixit,
487 2205 530 2239 et
559 2205 775 2249 tutorem,
807 2193 928 2255 quod
958 2193 1202 2255 pupillum,
1227 2195 1297 2239 cui
1323 2194 1585 2238 substitutus
1611 2194 1735 2239 heres

345 2286 464 2329 crat,
491 2292 662 2320 veneno
685 2285 909 2331 necasset,
934 2291 1066 2319 cruce
1095 2274 1242 2319 affecit
1268 2291 1277 2318 ι
1304 2273 1647 2336 implorantique
1672 2274 1732 2319 le-

346 2373 448 2418 ges,
476 2367 518 2400 et
545 2358 684 2401 civem
713 2373 947 2401 romanum
975 2372 1019 2400 se
1045 2355 1320 2412 testificanti,
1351 2357 1477 2417 quasi
1510 2355 1664 2400 solatio
1690 2366 1732 2400 et

348 2438 517 2481 honore
535 2437 683 2499 aliquo
698 2453 872 2499 poenam
898 2436 1122 2481 levaturus
1137 2472 1148 2492 ,
1171 2438 1332 2482 mutari
1349 2472 1359 2494 ,
1384 2436 1610 2498 multoque
1626 2453 1735 2497 prae-

347 2528 411 2563 ter
443 2529 608 2562 ceteras
638 2518 837 2562 altiorem
868 2528 910 2561 et
939 2516 1186 2561 dealbatam
1219 2519 1349 2562 statui
1385 2534 1556 2562 crucem
1588 2517 1730 2577 jussit.

346 2598 562 2642 Paulatim
605 2600 645 2643 in
687 2598 898 2643 desidiam
931 2598 1247 2659 segnitiemque
1284 2614 1518 2642 conversus
1552 2607 1641 2654 cst,
1679 2615 1733 2641 nc

348 2678 450 2737 quid
487 2680 678 2722 materiae
717 2679 928 2740 praeberet
959 2679 1152 2735 Neroni,
1191 2690 1255 2729 et,
1291 2690 1336 2722 ut
1365 2677 1508 2721 dicere
1542 2676 1731 2732 solebat,
