1988 3439
738 261 979 298 TIBERIUS.
1481 270 1493 293 1
1505 256 1525 293 5
1535 271 1547 293 1

174 348 561 411 corrigendorum,
587 346 662 392 sed
696 356 739 390 et
769 346 906 407 magis
934 354 1102 388 naturae
1133 343 1466 403 obtemperans,
1494 342 1554 386 ita

175 447 285 474 saeve
316 440 358 474 et
392 429 600 474 atrociter
623 426 864 483 factitavit,
890 435 940 469 ut
968 422 1172 468 nonnulli
1195 421 1419 466 versiculis
1444 438 1554 482 quo-

175 527 261 571 que
286 520 327 555 et
355 510 584 572 praesentia
613 508 956 570 exprobrarent,
989 516 1031 550 et
1057 504 1208 549 futura
1236 503 1553 547 denunciarent

175 589 312 634 mala:

278 722 394 766 Asper
415 724 451 754 et
474 717 642 762 immitis,
666 716 833 752 breviter
854 715 910 751 vis
933 714 1058 751 omnia
1083 712 1232 749 dicam?

328 779 547 827 Dispeream
561 807 571 824 ,
597 779 627 814 si
646 785 682 814 te
704 785 823 813 mater
847 789 970 812 amare
992 783 1126 823 potest.

280 843 366 878 Non
389 855 426 878 es
449 855 571 890 eques.
595 841 742 887 Quare?
764 853 844 876 non
864 847 949 876 sunt
968 839 1038 875 tibi
1061 837 1178 874 millia
1198 843 1370 873 centum:

329 904 466 940 Omnia
488 904 519 940 si
544 917 706 952 quaeras,
729 911 765 939 et
788 902 946 938 Rhodos
969 901 1141 937 exsilium
1163 906 1227 935 est.

279 967 398 1002 Aurea
420 967 570 1003 mutasti
593 966 741 1002 Saturni
760 966 879 1001 secula
892 993 901 1009 ‚
924 963 1067 1000 Caesar:

328 1028 514 1063 Incolumi
537 1041 623 1063 nam
645 1035 681 1064 te
705 1028 822 1064 ferrea
846 1040 993 1074 semper
1016 1032 1134 1062 erunt.

278 1095 435 1131 Fastidit
454 1097 603 1141 vinum,
627 1097 713 1144 quia
735 1096 811 1143 jam
834 1096 909 1131 sitit
933 1096 1000 1131 iste
1024 1106 1219 1130 cruorem:

329 1159 423 1192 Tam
442 1158 539 1193 bibit
562 1159 662 1193 hunc
681 1158 805 1202 avide,
829 1171 939 1205 quam
962 1157 1059 1192 bibit
1082 1163 1167 1191 ante
1186 1166 1341 1189 merum.

276 1219 410 1266 Aspice
433 1219 576 1255 felicem
603 1219 695 1263 sibi,
720 1232 798 1254 non
821 1219 913 1263 tibi,
934 1219 1112 1261 Romule,
1140 1217 1302 1252 Sullam:

328 1280 373 1314 Et
396 1280 576 1326 Marium,
602 1282 632 1316 si
654 1281 728 1324 vis,
753 1281 895 1328 aspice,
920 1280 985 1315 sed
1010 1280 1206 1315 reducem:

279 1341 355 1376 Nec
381 1353 460 1377 non
480 1344 645 1385 Antoni,
669 1342 791 1377 civilia
816 1343 912 1377 bella
930 1341 1137 1386 moventis,

328 1403 405 1437 Nec
424 1404 537 1438 semel
562 1403 717 1439 infectas
739 1404 862 1451 aspice
886 1404 985 1438 caede
1004 1415 1155 1437 manus:

280 1462 326 1496 Et
345 1462 425 1508 dic,
444 1465 564 1499 Roma
588 1466 685 1512 perit
710 1478 717 1499 :
737 1465 911 1512 regnabit
934 1464 1114 1511 sanguine
1138 1463 1276 1506 multo,

330 1524 388 1560 Ad
410 1537 567 1574 regnum
588 1526 753 1574 quisquis
772 1527 875 1561 venit
897 1526 944 1561 ab
967 1525 1110 1561 exsilio.

174 1633 285 1690 Quae
303 1633 448 1693 primo
463 1668 474 1689 ,
493 1634 616 1694 quasi
632 1635 687 1678 ab
708 1634 1039 1696 impatientibus
1057 1631 1356 1678 remediorum
1371 1665 1382 1686 ,
1405 1646 1455 1674 ac
1473 1646 1563 1674 non

174 1722 265 1756 tam
300 1728 352 1756 ex
381 1714 515 1758 animi
543 1717 777 1770 sententia,
805 1731 936 1776 quam
967 1713 1055 1759 bile
1079 1723 1121 1758 et
1151 1712 1402 1767 stomacho,
1429 1710 1564 1771 finge-

175 1802 344 1850 rentur,
371 1792 544 1838 volebat
567 1795 728 1856 accipi;
751 1795 1009 1855 dicebatque
1035 1793 1274 1838 identidem
1293 1809 1301 1836 :
1322 1790 1563 1845 «Oderint,

175 1871 281 1916 dum
300 1873 533 1934 probent.»
552 1875 665 1919 Dein
679 1909 690 1931 ,
714 1891 815 1919 vera
835 1873 965 1936 plane
987 1884 1192 1935 certaque
1211 1889 1325 1930 esse,
1351 1873 1441 1933 ipse
1462 1870 1564 1914 fecit

175 1953 320 1998 fidem.

237 2036 331 2079 LX.
369 2037 421 2079 In
456 2037 605 2097 paucis
632 2036 813 2094 diebus,
838 2054 970 2098 quam
1003 2039 1196 2098 Capreas
1225 2035 1392 2096 attigit,
1420 2033 1562 2094 pisca-

176 2116 284 2171 tori,
313 2117 390 2176 qui
423 2117 503 2161 sibi
536 2127 754 2162 secretum
783 2118 928 2179 agenti
962 2117 1174 2179 grandem
1205 2114 1392 2159 mullum
1421 2113 1564 2174 inopi-

175 2204 332 2239 nanter
363 2195 605 2252 obtulerat,
636 2198 863 2258 perfricari
893 2197 1046 2242 eodem
1078 2198 1196 2259 pisce
1229 2195 1381 2240 faciem
1410 2194 1563 2255 jussit,

174 2275 377 2331 territus,
404 2275 523 2336 quod
548 2277 582 2320 is
606 2293 632 2320 a
655 2287 778 2338 tergo
804 2276 954 2321 insulae
980 2294 1057 2338 per
1081 2293 1235 2338 aspera
1258 2286 1299 2320 et
1324 2275 1451 2319 devia
1474 2291 1564 2318 ere-

175 2355 328 2414 psisset
353 2354 407 2399 ad
431 2372 488 2399 se.
514 2355 770 2401 Gratulanti
795 2366 940 2400 autem
968 2357 1083 2400 inter
1110 2373 1304 2417 poenam,
1331 2355 1450 2415 quod
1474 2370 1562 2397 non

174 2443 218 2478 et
243 2433 478 2492 locustam,
506 2452 638 2497 quam
665 2436 968 2498 praegrandem
997 2445 1195 2497 ceperat,
1221 2434 1473 2487 obtulisset,
1500 2432 1564 2476 lo-

175 2524 298 2559 custa
332 2531 510 2576 quoque
545 2515 728 2560 lacerari
758 2533 806 2560 os
839 2516 1083 2577 imperavit.
1114 2514 1303 2560 Militem
1338 2513 1559 2575 praetoria-

176 2609 306 2650 num,
331 2595 388 2639 ob
408 2606 660 2656 surreptum
684 2613 707 2640 e
730 2597 939 2641 viridario
966 2613 1182 2658 pavonem
1198 2630 1209 2650 ,
1234 2595 1375 2655 capite
1401 2592 1562 2653 puniit.

177 2675 228 2717 In
251 2674 442 2735 quodam
466 2676 639 2733 itinere,
662 2675 840 2732 lectica,
864 2694 950 2738 qua
976 2677 1231 2731 vehebatur,
1258 2672 1463 2735 vepribus
1486 2672 1564 2715 im-
