1971 3342
429 242 500 286 246
961 240 998 274 C.
1029 240 1253 276 SUETONII

429 324 722 378 commeabat,
744 323 883 382 primo
906 320 1040 376 clam,
1063 322 1214 365 deinde
1238 321 1460 381 propalam
1490 339 1498 365 :
1528 333 1573 366 ut
1608 326 1766 369 nemini

429 405 607 448 dubium
631 412 765 455 esset,
789 418 839 444 eo
860 401 928 443 die
948 402 1094 460 utique
1118 402 1378 445 adfuturum.
1399 403 1548 461 'Neque
1574 402 1768 447 dissimu-

427 483 562 538 labat,
594 481 702 524 velle
739 497 782 524 se
819 480 1059 540 palmarum
1096 497 1322 524 numerum
1364 480 1566 541 ampliare
1596 498 1605 524 ε
1639 498 1769 541 quare

429 561 721 622 spectaculum
752 558 1044 619 multiplicatis
1073 560 1269 604 missibus
1302 563 1344 603 in
1374 576 1515 604 serum
1546 561 1768 621 protrahe·-

426 642 575 694 batur,
602 657 655 683 ne
689 639 873 682 dominis
904 638 1075 697 quidem
1097 640 1184 699 jam
1210 641 1441 683 factionum
1472 640 1769 700 dignantibus,

428 722 507 763 nisi
535 720 587 763 ad
616 721 745 762 totius
772 719 853 761 diei
884 735 1082 773 cursum,
1108 736 1254 779 greges
1279 719 1446 763 ducere.
1472 722 1575 762 Mox
1606 729 1647 762 et
1682 721 1771 779 ipse

427 800 625 859 aurigare
642 832 653 853 ,
679 807 805 857 atque
830 798 957 840 etiam
982 799 1161 857 spectari
1182 799 1333 857 saepius
1358 798 1493 841 voluit
1514 816 1521 840 :
1547 800 1772 858 positoque

426 880 469 920 in
497 878 634 921 hortis
662 879 773 920 inter
794 878 965 920 servitia
993 887 1034 920 et
1059 877 1273 920 sordidam
1300 876 1465 937 plebem
1501 877 1771 933 rudimento,

425 959 723 1001 universorum
744 974 786 999 se
810 955 943 1000 oculis
972 958 1015 998 in
1041 957 1168 999 Circo
1191 959 1380 999 maximo
1402 957 1609 1016 praebuit,
1626 955 1770 1016 aliquo

426 1037 578 1080 liberto
602 1037 796 1080 mittente
821 1053 1046 1095 mappam,
1074 1036 1186 1078 unde
1209 1037 1480 1096 magistratus
1508 1035 1657 1078 solent.
1681 1038 1772 1081 Nec

426 1125 652 1159 contentus
687 1117 841 1157 harum
879 1117 1035 1157 artium
1076 1115 1364 1173 experimenta
1402 1116 1550 1156 Romae
1583 1114 1772 1169 dedisse,

424 1195 630 1238 Achaiam
647 1229 657 1249 ,
688 1204 734 1237 ut
758 1194 966 1244 diximus,
992 1193 1117 1252 petit,
1143 1193 1243 1235 hinc
1270 1194 1452 1235 maxime
1469 1202 1622 1235 motus.
1650 1193 1774 1235 Insti-

426 1283 597 1316 tuerant
629 1274 845 1329 civitates,
872 1271 985 1332 apud
1012 1288 1116 1331 quas
1148 1273 1296 1315 musici
1327 1288 1480 1331 agones
1511 1270 1579 1314 edi
1613 1270 1772 1326 solent,

425 1368 573 1396 omnes
591 1351 925 1395 citharoedorum
943 1367 1123 1394 coronas
1141 1351 1193 1394 ad
1214 1352 1352 1410 ipsum
1374 1352 1554 1392 mittere.
1570 1352 1654 1393 Eas
1667 1350 1773 1393 adeo

428 1441 547 1491 grate
573 1431 804 1490 recipiebat
818 1464 828 1484 ,
847 1440 895 1472 ut
915 1429 1075 1489 legatos
1091 1464 1102 1485 ,
1122 1430 1194 1488 qui
1214 1427 1490 1488 pertulissent
1504 1463 1515 1483 ,
1539 1445 1625 1472 11011
1644 1429 1772 1472 modo

426 1511 587 1569 primos
617 1509 888 1561 admitteret,
918 1508 990 1551 sed
1015 1510 1141 1551 etiam
1170 1507 1446 1550 familiaribus
1476 1507 1612 1567 epulis
1644 1509 1772 1551 Inter-

427 1598 617 1647 poneret.
647 1592 683 1632 A
702 1587 958 1646 quibusdam
980 1604 1030 1629 ex
1054 1587 1118 1629 liis
1144 1596 1337 1646 rogatus,
1359 1596 1405 1628 ut
1428 1595 1617 1629 cantaret
1645 1603 1773 1646 super

426 1683 615 1722 coenam,
664 1676 951 1725 exceptusque
999 1665 1201 1720 effusius,
1249 1684 1268 1703 «
1300 1663 1420 1707 Solos
1468 1665 1574 1707 scire
1625 1665 1771 1708 audire

426 1748 626 1798 Graecos,
664 1745 862 1803 solosque
897 1760 939 1786 se
969 1753 1010 1785 et
1042 1743 1192 1786 studiis
1223 1744 1309 1785 suis
1338 1743 1516 1802 dignos,
1537 1762 1556 1783 ³>
1586 1744 1657 1786 ait.
1684 1745 1774 1789 Nec

424 1824 689 1883 profectione
710 1822 838 1865 dilata
854 1857 864 1877 ,
888 1832 933 1864 ut
951 1823 1136 1881 primum
1159 1822 1391 1881 Cassiopen
1418 1822 1604 1882 trajecit,
1627 1823 1767 1867 statim

425 1904 477 1945 ad
501 1920 618 1946 aram
637 1904 751 1946 Jovis
779 1903 914 1945 Cassii
940 1911 1112 1944 cantare
1135 1902 1378 1961 auspicatus
1400 1912 1476 1945 est.

485 1984 649 2025 XXIII.
674 1983 920 2026 Certamina
945 1980 1143 2040 deinceps
1170 1981 1276 2023 obiit
1295 1982 1451 2023 omnia.
1477 1982 1589 2024 Nam
1615 1991 1656 2024 et
1677 1998 1770 2041 quae

424 2061 808 2104 diversissimorum
830 2070 1070 2118 temporum
1098 2068 1220 2112 sunt,
1241 2059 1333 2118 cogi
1362 2059 1403 2100 in
1430 2075 1562 2101 unum
1587 2075 1770 2116 annum,

423 2138 677 2197 quibusdam
711 2141 837 2181 etiam
874 2138 1061 2191 iteratis,
1093 2137 1240 2196 jussit3
1271 2147 1311 2180 et
1354 2136 1562 2198 Olympiae
1601 2154 1770 2198 quoque

423 2227 575 2277 praeter
614 2217 965 2260 consuetudinem
998 2217 1209 2260 musicum
1247 2233 1382 2276 agona
1419 2218 1646 2260 commisit.
1687 2221 1768 2274 Ac,

422 2312 474 2339 ne
513 2296 617 2355 quid
659 2297 771 2339 circa
809 2296 895 2338 haec
935 2305 1192 2356 occupatum
1240 2305 1438 2339 avocaret
1484 2295 1767 2350 detineretve,

421 2391 555 2434 quum
591 2375 811 2435 praesentia
839 2376 929 2434 ejus
959 2375 1125 2418 urbicas
1149 2390 1214 2417 res
1247 2391 1368 2435 egere
1402 2392 1425 2418 a
1464 2374 1617 2419 liberto
1644 2374 1768 2423 Helio

422 2453 740 2510 admoneretur,
782 2454 999 2514 rescripsit
1035 2454 1098 2496 his
1139 2454 1303 2508 verbis,
1350 2473 1370 2494 (ι
1398 2455 1604 2511 Quamvis
1652 2470 1767 2497 nunc

423 2543 546 2576 tuum
574 2531 798 2576 consilium
828 2534 881 2576 sit
911 2543 953 2576 et
986 2542 1156 2588 votum,
1183 2532 1375 2577 celeriter
1402 2534 1555 2577 reverti
1580 2549 1670 2588 me;
1702 2543 1765 2577 ta-

426 2627 520 2653 men
545 2611 723 2655 suadere
750 2623 791 2655 ct
818 2622 965 2672 optare
989 2613 1130 2672 potius
1160 2612 1308 2668 debes,
1338 2623 1382 2655 ut
1410 2615 1583 2656 Nerone
1612 2612 1765 2673 dignus
