1988 3439
587 259 833 294 OCTAVIUS
855 258 1123 295 AUGUSTUS.
1495 262 1542 308 3⁴.)

168 359 268 387 rum
291 341 408 399 tulit,
430 359 566 403 quum
589 342 774 385 maxime
798 351 989 403 cuperet.
1018 341 1188 399 Infans,
1211 344 1285 403 qui
1306 356 1543 406 conceptus

168 433 284 479 erat,
321 423 576 467 immaturus
613 431 678 466 est
709 421 863 466 editus.
896 421 1058 467 Juliam
1089 424 1281 484 primum
1311 424 1544 483 Marcello,

169 504 362 548 Octaviae
377 503 535 548 sororis
550 519 639 547 suae
653 501 764 560 filio,
783 512 955 547 tantum
971 502 1090 564 quod
1103 503 1337 565 pueritiam
1352 520 1544 566 egresso,

168 582 343 640 deinde,
373 593 422 628 ut
450 584 485 627 is
511 583 640 640 obiit,
664 584 727 627 M.
753 583 958 644 Agrippae
985 592 1174 644 nuptum
1202 583 1340 641 dedit,
1369 596 1545 629 exorata

168 681 335 721 sorore,
360 673 409 708 ut
434 663 516 708 sibi
542 680 703 725 genero
727 662 900 708 cederet
924 680 934 707 ε
961 680 1063 707 nam
1088 674 1196 708 tunc
1219 666 1415 727 Agrippa
1439 664 1545 709 alte-

167 760 262 788 ram
282 742 594 788 Marcellarum
617 743 824 802 habebat,
846 753 887 788 et
908 760 959 788 ex
981 760 1031 788 ea
1050 743 1225 789 liberos.
1251 748 1346 789 Hoc
1368 763 1544 806 quoque

168 824 402 881 defuncto,
442 824 618 880 multis,
659 841 709 869 ac
745 824 848 881 diu,
884 826 1016 869 etiam
1053 841 1103 883 ex
1140 827 1331 886 equestri
1366 826 1546 883 ordine,

167 906 493 967 circumspectis
518 905 865 962 conditionibus,
887 906 1114 951 Tiberium
1143 908 1395 969 privignum
1419 925 1547 952 suum

166 984 292 1048 legit,
329 987 558 1048 coegitque
593 997 890 1048 praegnantem
931 1004 1137 1045 uxorem,
1172 997 1216 1032 et
1250 1004 1302 1031 ex
1337 1004 1425 1048 qua
1455 989 1544 1049 jam

165 1076 291 1129 pater
325 1077 443 1124 erat,
477 1067 710 1112 dimittere.
752 1069 814 1112 M.
852 1068 1071 1112 Antonius
1108 1069 1282 1126 scribit,
1314 1070 1545 1114 «Primum

166 1164 264 1192 eum
297 1148 492 1192 Antonio
524 1147 614 1192 filio
649 1165 729 1192 suo
761 1147 1044 1210 despondisse
1076 1148 1262 1205 Juliam3
1295 1150 1395 1193 dein
1428 1151 1548 1194 Coti-

167 1229 281 1285 soni,
307 1229 522 1272 Getarum
550 1229 642 1289 regi
671 1245 680 1271 :
711 1245 799 1288 quo
829 1238 1025 1288 tempore
1051 1229 1132 1272 sibi
1161 1245 1336 1289 quoque
1361 1230 1546 1274 invicem

166 1307 299 1353 filiam
327 1309 440 1370 regis
467 1309 511 1351 in
542 1309 874 1352 matrimonium
901 1309 1128 1369 petisset.»

230 1390 389 1432 LXIV.
430 1389 624 1448 Nepotes
665 1404 716 1430 ex
760 1389 955 1448 Agrippa
998 1398 1042 1430 ct
1081 1387 1195 1431 Julia
1239 1398 1326 1432 tres
1368 1389 1517 1435 habuit
1536 1426 1547 1446 ,

166 1468 352 1523 Caium,
382 1469 596 1522 Lucium,
627 1476 670 1510 et
714 1468 955 1528 Agrippam
995 1484 1004 1510 :
1042 1477 1193 1528 neptes
1227 1467 1357 1526 duas,
1387 1468 1547 1513 Juliam

164 1558 208 1593 et
232 1548 534 1610 Agrippinam.
565 1545 726 1592 Juliam
752 1549 801 1591 L.
828 1546 990 1605 Paulo,
1017 1549 1209 1592 censoris
1243 1548 1356 1607 filio,
1384 1551 1546 1612 Agrip-

165 1630 314 1690 pinam
334 1629 622 1686 Germanico,
642 1629 802 1672 sororis
823 1644 910 1672 suae
933 1630 1106 1689 nepoti,
1125 1628 1370 1674 collocavit.
1391 1631 1547 1675 Caium

165 1719 208 1754 et
223 1709 410 1754 Lucium
429 1708 674 1770 adoptavit,
699 1708 817 1752 domi
838 1725 916 1770 per
939 1724 1077 1753 assem
1099 1719 1142 1753 et
1165 1707 1323 1754 libram
1340 1721 1508 1772 emptos
1524 1730 1548 1756 a

166 1799 288 1850 patre
315 1790 510 1851 Agrippa
539 1806 548 1832 z
577 1798 838 1849 tenerosque
859 1788 1005 1833 adhuc
1042 1789 1097 1833 ad
1125 1806 1277 1834 curam
1298 1792 1548 1852 reipublicae

165 1869 359 1913 admovit
380 1887 388 1912 :
413 1879 456 1913 et
485 1867 683 1913 consules
703 1868 951 1930 designatos
968 1870 1134 1914 circum
1155 1871 1404 1931 provincias
1425 1890 1547 1917 exer—

165 1950 364 2010 citusque
391 1948 568 1992 dimisit.
593 1948 746 1993 Filiam
771 1958 814 1992 et
839 1959 991 2010 neptes
1018 1951 1077 1993 ita
1101 1952 1312 2009 instituit,
1338 1961 1386 1995 ut
1417 1954 1545 1997 etiam

165 2029 354 2075 lanificio
379 2028 690 2085 assuefaceret,
719 2039 971 2089 vetaretque
996 2028 1118 2090 loqui
1153 2041 1227 2074 aut
1261 2048 1389 2093 agere
1422 2035 1545 2093 quic-

166 2128 319 2171 quam,
345 2111 425 2154 nisi
451 2108 700 2171 propalam,
725 2119 767 2153 et
792 2109 910 2171 quod
936 2111 979 2153 in
1006 2109 1188 2155 diurnos
1211 2114 1547 2157 commentarios

166 2191 415 2235 referretur.
449 2193 770 2235 Extraneorum
806 2191 983 2251 quidem
1014 2202 1129 2236 coetu
1161 2192 1268 2237 adeo
1298 2193 1547 2254 prohibuit,

169 2282 217 2316 ut
240 2273 288 2316 L.
317 2270 517 2326 Vinicio,
540 2269 658 2313 claro
685 2270 932 2331 decoroque
952 2274 1129 2332 juveni,
1158 2274 1381 2335 scripserit
1407 2292 1547 2336 quon-

167 2352 292 2408 dam,
325 2352 518 2395 «Parum
552 2350 745 2394 modeste
777 2351 926 2395 fecisse
959 2369 1082 2408 eum,
1111 2354 1228 2414 quod
1260 2354 1390 2398 filiam
1424 2373 1545 2399 suain

168 2433 294 2477 Baias
312 2431 549 2477 salutatum
568 2432 767 2475 venisset.
786 2451 805 2472 »
829 2433 1020 2493 Nepotes
1039 2444 1081 2477 ct
1102 2434 1286 2491 litteras,
1308 2446 1350 2479 ct
1375 2446 1546 2493 notare,

167 2513 338 2574 aliaque
366 2512 638 2567 rudimenta,
668 2529 745 2572 per
774 2529 817 2555 se
847 2512 1107 2574 plerumque
1135 2514 1285 2559 (locuit
1318 2534 1326 2558 :
1359 2533 1408 2559 ac
1436 2516 1544 2559 niliil

168 2610 290 2655 oeque
325 2592 592 2647 elaboravit,
629 2610 759 2653 quam
801 2604 848 2637 ut
889 2595 1165 2638 imitarentur
1204 2596 1543 2657 chirographum

169 2690 310 2718 suum.
336 2675 489 2734 Neque
520 2673 704 2716 coenavit
730 2691 842 2729 una,
876 2675 954 2718 nisi
989 2686 1033 2718 ut
1064 2677 1107 2718 in
1139 2677 1224 2719 imo
1251 2675 1362 2720 lecto
1387 2676 1545 2720 asside-
