1971 3342
367 197 413 233 56
905 199 942 234 C.
970 201 1201 236 SUETONII

365 280 480 324 ditus
512 281 594 337 sit,
622 281 743 341 quasi
771 298 987 326 venenum
1017 282 1188 327 vulneri
1215 283 1452 329 indidisset.
1481 283 1643 345 Adjicit
1670 283 1738 327 his

362 360 561 421 Aquilius
586 363 737 423 Niger,
759 361 945 409 alterum
972 381 994 407 e
1018 362 1486 409 consulibusHirtium
1512 366 1557 409 in
1579 380 1738 427 pugnae

362 441 558 486 tumultu
588 443 642 486 ab
670 444 763 503 ipso
792 444 1116 504 interemptum.

426 524 526 567 XII.
564 521 649 566 Sed
669 533 718 567 ut
739 524 963 584 cognovit,
983 525 1223 573 Antonium
1245 536 1344 588 post
1363 525 1509 587 fugam
1529 541 1555 570 a
1572 526 1635 569 M.
1656 525 1739 569 Le-

363 601 466 663 pido
489 612 736 663 receptum,
760 612 1012 664 ceterosque
1033 604 1163 650 duces
1187 616 1231 650 et
1255 606 1468 650 exercitus
1492 604 1739 649 consentire

362 698 443 742 pro
464 682 683 743 partibus,
707 699 881 727 causam
904 684 1184 744 optimatium
1209 686 1300 730 sine
1320 685 1600 730 cunctatione
1623 684 1738 728 dese-

362 762 477 817 ruit,
520 761 575 806 ad
611 772 869 822 praetextum
901 773 1080 808 mutatae
1110 764 1350 810 voluntatis
1385 765 1503 810 dicta
1537 764 1737 825 factaque

362 842 655 902 quorumdam
684 842 974 888 calumniatus
1001 861 1011 888 ε
1039 845 1162 906 quasi
1187 846 1260 890 alii
1288 863 1333 891 se
1358 863 1636 907 «puerum,»
1663 845 1737 890 alii

362 941 383 962 «
402 923 650 967 ornandum
686 923 1055 986 tollendumque»
1089 927 1353 987 jactassent,
1394 944 1473 972 nec
1513 936 1589 971 aut
1627 926 1708 971 sibi
1724 961 1736 981 ,

361 1013 437 1047 aut
465 1006 678 1049 veteranis
704 1022 782 1066 par
809 1007 950 1067 gratia
973 1006 1219 1051 referretur.
1244 1011 1299 1052 Et
1323 1025 1410 1068 quo
1437 1008 1572 1069 magis
1599 1007 1736 1068 poeni-

363 1084 544 1127 tentiam
564 1085 721 1145 prioris
743 1095 867 1129 sectae
887 1087 1171 1146 approbaret,
1189 1088 1408 1132 Nursinos
1431 1086 1585 1147 grandi
1607 1103 1737 1147 pecu-

363 1163 454 1220 nia,
477 1173 520 1206 et
539 1180 671 1224 quam
690 1165 880 1225 pendere
901 1167 1157 1225 nequirent,
1180 1165 1408 1223 multatOS,
1431 1176 1625 1210 extorres
1648 1167 1737 1228 egit

361 1243 547 1303 oppido,
569 1244 688 1303 quod
709 1245 951 1289 Mutinensi
970 1246 1060 1289 acie
1083 1246 1452 1307 interemptorum
1477 1247 1638 1290 civium
1664 1256 1736 1290 tu-

361 1321 479 1366 mulo
505 1323 676 1383 publice
700 1334 922 1368 exstructo
949 1326 1264 1386 ascripserant,
1290 1345 1310 1367 <c
1323 1328 1409 1370 Pro
1436 1325 1637 1371 libertate
1662 1343 1734 1372 eos

360 1403 624 1447 occubuisse.
641 1423 662 1444 >³

421 1484 542 1526 XIII.
578 1484 692 1526 Inita
717 1500 817 1527 cum
842 1486 1033 1529 Antonio
1057 1495 1101 1529 et
1122 1486 1291 1547 Lepido
1320 1488 1547 1545 societate,
1569 1487 1734 1549 Philip-

359 1577 490 1621 pense
517 1579 690 1622 quoque
712 1563 893 1621 bellum,
918 1582 1184 1625 quamquam
1207 1566 1423 1611 invalidus
1445 1576 1576 1628 atque
1598 1584 1732 1629 aeger,

359 1640 522 1701 duplici
548 1642 701 1703 proelio
728 1646 937 1706 transegit
962 1662 971 1688 :
998 1662 1185 1706 quorum
1211 1648 1356 1708 priore
1380 1648 1530 1691 castris
1554 1658 1732 1704 exutus,

358 1721 429 1763 vix
455 1721 509 1764 ad
534 1723 712 1766 Antonii
737 1740 875 1767 cornu
900 1724 1001 1786 fuga
1027 1737 1235 1770 evaserat.
1260 1729 1352 1771 Nec
1375 1744 1622 1772 successum
1647 1729 1734 1772 vic-

357 1801 478 1843 toriae
502 1801 751 1847 moderatus
775 1814 861 1859 est3
888 1804 961 1848 sed
988 1806 1130 1866 capite
1156 1808 1279 1850 Bruti
1303 1810 1487 1851 Romam
1510 1808 1660 1864 misso,
1683 1818 1732 1852 ut

356 1889 506 1925 statuae
532 1883 713 1925 Caesaris
740 1884 1051 1944 subjiceretur,
1083 1888 1128 1930 in
1155 1886 1555 1947 splendidissimum
1582 1904 1731 1947 quem-

355 1977 439 2020 que
463 1962 683 2022 captivum
711 1980 798 2007 non
825 1965 915 2009 sine
938 1966 1175 2009 verborum
1200 1966 1468 2010 contumelia
1495 1967 1651 2018 saeviit3
1681 1977 1731 2011 ut

354 2041 529 2100 quidem
553 2044 627 2085 uni
657 2043 913 2103 suppliciter
941 2044 1208 2105 sepulturam
1234 2048 1429 2106 precanti
1452 2047 1729 2108 respondisse

355 2120 545 2177 dicatur,
573 2125 702 2165 «Jam
727 2124 852 2166 istam
878 2122 1105 2168 volucrum
1130 2125 1221 2169 fore
1246 2136 1503 2187 potestatem
1523 2143 1533 2170 ι
1553 2146 1574 2168 ))
1599 2126 1728 2187 alios,

355 2209 523 2260 patrcm
550 2211 593 2245 et
611 2201 769 2257 filium,
796 2220 876 2264 pro
901 2204 991 2248 vita
1010 2215 1232 2266 rogantes,
1260 2208 1406 2250 sortiri
1432 2207 1496 2251 vel
1520 2207 1728 2254 dimicare

351 2280 544 2339 jussisse,
569 2291 617 2324 ut
641 2281 840 2326 alterutri
864 2284 1175 2329 concederetur
1204 2302 1213 2329 :
1242 2302 1291 2330 ac
1316 2297 1529 2347 spectasse
1552 2297 1726 2333 utrum-

353 2375 437 2418 que
463 2361 720 2405 morientem
738 2397 748 2417 ,
775 2380 910 2422 quum
932 2373 1081 2424 patre,
1112 2366 1186 2426 qui
1215 2383 1258 2409 se
1284 2367 1527 2426 obtulerat,
1557 2370 1726 2427 occiso,

352 2438 465 2483 filius
505 2457 678 2501 quoquc
721 2442 1012 2488 voluntariam
1053 2445 1331 2490 occubuisset
1368 2464 1533 2493 necem.
1574 2451 1723 2508 Quare

352 2520 505 2576 ceteri,
536 2521 578 2564 in
608 2521 674 2565 his
698 2524 760 2566 M.
788 2524 1026 2580 Favonius,
1056 2522 1128 2567 ille
1157 2526 1337 2569 Catonis
1360 2528 1560 2585 aemulus,
1587 2545 1721 2589 quum

356 2601 539 2641 catenati
575 2601 943 2659 producerentur,
974 2604 1231 2663 imperatore
1264 2608 1452 2651 Antonio
1484 2609 1720 2654 honorifice
