1988 3407
821 220 983 257 TITUS.
1564 221 1610 258 33

201 311 327 367 culo,
353 310 459 355 dum
483 308 535 352 de
558 307 842 368 navigatione
863 303 1080 358 consulit,
1108 305 1242 349 etiam
1269 304 1323 349 de
1343 305 1515 367 imperii
1540 323 1616 367 spe

203 392 493 438 confirmatus
519 400 598 434 est.
624 388 766 450 Cujus
795 386 918 431 brevi
947 403 1130 447 compos
1150 421 1161 443 ,
1188 396 1232 430 et
1257 385 1311 431 ad
1343 387 1611 448 perdoman-

202 476 304 520 dam
322 474 519 519 Judaeam
541 470 746 526 relictus,
774 470 1015 513 novissima
1034 467 1449 531 Hierosolymorum
1474 486 1618 531 oppu-

203 558 440 620 gnatione,
462 572 530 601 ΧΠ
554 563 914 616 propugnatores
936 551 1123 596 totidem
1139 553 1403 614 sagittarum
1421 553 1613 597 confecit

204 639 389 694 ictibus;
429 637 634 698 cepitque
666 651 763 678 eam
798 633 933 678 natali
972 632 1070 678 filiae
1102 650 1218 689 suae,
1256 643 1381 677 tanto
1414 632 1607 678 militum

201 719 365 783 gaudio
388 735 438 763 ac
462 718 640 773 favore,
677 727 723 760 ut
750 716 793 759 in
825 714 1128 779 gratulatione
1164 716 1480 777 imperatorem
1513 733 1615 760 eum

201 800 606 856 consalutaverint,
635 809 679 843 et
704 798 894 843 subinde
919 797 1206 842 decedentem
1237 798 1468 859 provincia
1496 798 1610 842 deti-

202 884 404 936 nuerint,
433 879 709 943 suppliciter,
736 897 817 924 nec
845 896 933 924 non
963 890 1007 924 et
1034 881 1271 924 minaciter
1294 879 1617 942 efflagitantes,

200 986 220 1007 <t
239 975 317 1010 aut
337 974 611 1020 remaneret,
642 972 719 1007 aut
752 979 904 1007 secum
941 979 1096 1007 omnes
1127 963 1296 1025 pariter
1322 961 1621 1006 abduceret.»

204 1046 334 1092 Unde
354 1056 456 1091 nata
477 1046 672 1107 suspicio
696 1054 785 1101 est,
806 1045 933 1106 quasi
960 1044 1206 1089 desciscere
1230 1061 1252 1088 a
1278 1054 1428 1105 patre,
1456 1045 1619 1089 Orien-

201 1130 345 1190 tisque
369 1144 557 1190 regnum
581 1128 664 1170 sibi
695 1126 923 1171 vindicare
950 1136 1177 1171 tentasset.
1206 1128 1359 1183 Quam
1391 1126 1613 1187 suspicio-

202 1227 302 1254 nem
342 1209 488 1265 auxit,
528 1219 766 1271 postquam
804 1207 1121 1253 Alexandriam
1162 1217 1339 1270 petens,
1382 1209 1425 1251 in
1461 1225 1616 1252 conse-

201 1291 368 1336 crando
393 1290 513 1354 apud
542 1291 787 1352 Memphim
823 1291 935 1335 bove
963 1292 1043 1352 Api
1075 1290 1280 1334 diadema
1305 1292 1494 1352 gestavit
1525 1308 1534 1334 ε
1562 1290 1618 1334 de

203 1390 323 1417 inore
342 1372 522 1435 quidem
541 1374 721 1434 rituque
744 1374 898 1434 priscae
914 1371 1167 1434 religionis,
1199 1372 1274 1417 sed
1295 1389 1383 1417 non
1407 1372 1618 1430 deerant,

201 1456 276 1516 qui
300 1472 426 1499 secus
453 1455 870 1516 interpretarentur.
901 1456 1054 1512 Quare
1090 1454 1304 1499 festinans
1338 1456 1382 1499 in
1416 1453 1620 1511 Italiam,

200 1553 336 1597 quum
366 1536 591 1599 Rhegium
611 1572 622 1591 ,
652 1535 755 1580 dein
786 1535 1024 1595 Puteolos,
1049 1537 1253 1581 oneraria
1282 1554 1394 1581 nave
1419 1535 1620 1598 appulis-

200 1626 290 1673 set,
331 1620 522 1663 Romam
552 1618 653 1663 inde
689 1618 920 1663 contendit
943 1618 1304 1682 expeditissimus
1338 1620 1620 1681 inopinanti-

200 1716 285 1762 que
317 1701 462 1763 patri,
491 1699 611 1745 velut
644 1717 837 1763 arguens
865 1718 1099 1746 rumorum
1130 1700 1184 1746 de
1212 1719 1256 1745 se
1285 1703 1586 1746 temeritatem
1612 1720 1618 1745 t

200 1802 220 1822 «
243 1783 419 1838 Veni,»
448 1782 619 1842 inquit,
648 1793 826 1843 «pater,
856 1784 970 1827 veni.
989 1803 1009 1824 >³

268 1865 342 1908 V1.
360 1863 518 1924 Neque
537 1880 590 1907 ex
607 1880 658 1907 eo
677 1863 866 1920 destitit,
891 1866 1155 1927 participem
1180 1876 1315 1927 atque
1336 1867 1470 1910 etiam
1498 1876 1616 1910 tuto-

201 1961 292 1989 rem
322 1945 495 2007 imperii
526 1962 669 2007 agere.
703 1946 1018 2007 Triumphavit
1047 1964 1149 1991 cnm
1182 1958 1330 2009 patre,
1357 1965 1618 1993 censuram-

201 2043 287 2088 que
309 2028 442 2088 gessit
464 2044 564 2071 una.
595 2027 746 2072 Eidem
775 2026 947 2090 collega
973 2038 1014 2072 et
1040 2030 1083 2072 in
1112 2030 1352 2073 tribunicia
1378 2039 1620 2091 potestate,

201 2120 244 2154 et
275 2111 317 2153 in
343 2120 511 2171 septem
537 2110 843 2155 consulatibus
875 2110 973 2156 fuit.
1007 2114 1295 2174 Receptaque
1323 2112 1376 2156 ad
1405 2129 1450 2157 se
1477 2130 1619 2174 prope

201 2192 401 2236 omnium
419 2191 672 2237 officiorum
689 2211 793 2237 cura
808 2229 818 2250 ,
835 2211 974 2255 quum
994 2195 1131 2255 patris
1150 2196 1331 2239 nomine
1346 2206 1389 2239 et
1407 2194 1618 2257 epistolas

202 2275 294 2336 ipse
317 2274 531 2331 dictaret,
554 2284 597 2318 et
617 2274 760 2319 edicta
782 2277 1107 2334 conscriberet,
1134 2277 1450 2338 orationesque
1478 2279 1520 2321 in
1558 2294 1621 2322 se-

203 2366 309 2400 natu
337 2355 542 2400 recitaret
568 2357 701 2400 etiam
729 2358 962 2417 quaestoris
995 2359 1109 2415 vice,
1145 2358 1458 2420 praefecturam
1508 2377 1619 2421 quo—

202 2454 288 2498 que
317 2438 512 2499 praetorii
540 2439 760 2500 suscepit,
792 2456 1023 2500 nunquam
1053 2440 1109 2484 ad
1141 2440 1184 2484 id
1214 2451 1418 2502 tempus,
1451 2442 1533 2486 nisi
1563 2442 1618 2486 ab

203 2520 350 2580 equite
378 2536 563 2563 romano
597 2520 984 2580 administratam,
1023 2523 1201 2584 egitque
1237 2522 1469 2584 aliquanto
1506 2524 1618 2567 inci-

203 2603 334 2649 vilius
358 2614 400 2648 et
429 2599 677 2649 violentius.
706 2605 934 2666 Siquidem
966 2608 1348 2667 suspectissimum
1384 2623 1610 2666 quemque

206 2687 309 2744 sibi,
327 2689 596 2744 summissis,
625 2689 698 2748 qui
721 2705 796 2749 per
819 2688 990 2732 theatra
1014 2699 1056 2732 et
1075 2699 1216 2733 castra
1244 2689 1369 2749 qnasi
1399 2704 1617 2731 consensu
