1971 3342
413 242 458 277 38
934 238 971 274 C.
1001 237 1230 275 SUETONII

411 327 433 367 J
438 325 531 369 ubae
556 326 666 385 regis
690 323 777 368 filio
803 324 846 367 in
871 322 1147 367 altercatione
1172 321 1351 366 barbam
1377 320 1598 378 invaserit,
1619 322 1776 382 stipen-

411 404 597 448 diarium
622 421 795 464 quoque
820 404 1173 465 pronuntiatum,
1197 413 1238 447 et
1261 403 1609 447 abstrahentibus
1634 404 1774 446 statim

410 485 593 545 eripuit,
619 484 938 545 occultavitque
961 485 1079 545 apud
1102 502 1145 528 se
1169 483 1243 527 diu
1269 501 1278 527 z
1302 493 1342 527 et
1367 501 1491 540 mox,
1516 501 1567 528 ex
1591 493 1777 544 praetura

410 565 684 625 proficiscens
714 567 758 609 in
784 567 1060 627 Hispaniam,
1088 567 1203 610 inter
1230 565 1371 609 officia
1397 565 1777 626 prosequentium,

411 644 629 705 fascesque
652 645 874 703 lictorum,
901 645 1050 690 lectica
1076 662 1152 690 sua
1177 646 1332 690 avexit.

474 727 655 770 LXXII.
693 727 866 770 Amicos
899 737 1021 770 tanta
1053 743 1222 788 semper
1255 726 1458 771 facilitate
1486 726 1778 789 indulgentia-

410 822 494 866 que
529 807 754 863 tractavit,
786 816 835 850 ut
872 809 920 851 C.
954 807 1100 868 Oppio
1138 808 1362 852 comitanti
1397 825 1440 851 se
1474 824 1552 868 per
1586 806 1779 852 silvestre

410 887 510 943 iter,
526 897 813 948 correptoque
831 889 973 932 subita
992 887 1259 944 valetudine,
1277 898 1320 931 et
1335 887 1647 945 deversoriolo,
1662 888 1777 948 quod

411 982 547 1009 unum
573 977 662 1011 erat
678 1003 689 1023 ,
717 968 811 1012 loco
840 971 1038 1026 cesserit,
1068 978 1110 1013 et
1138 970 1227 1030 ipse
1252 969 1373 1012 humi
1398 985 1446 1012 ac
1472 969 1550 1012 sub
1576 968 1675 1012 divo
1701 986 1778 1012 cu-

410 1047 563 1093 buerit.
589 1053 683 1094 Jam
710 1062 854 1095 autem
882 1069 1027 1095 rerum
1052 1061 1227 1112 potenS,
1253 1050 1464 1110 quosdam
1489 1050 1618 1093 etiam
1642 1049 1777 1092 infimi

408 1130 577 1188 generis
600 1131 654 1172 ad
684 1130 970 1191 amplissimos
1006 1132 1192 1175 honores
1227 1130 1437 1190 provexit.
1463 1131 1612 1186 Quum
1646 1130 1701 1172 ob
1737 1129 1779 1172 id

409 1208 678 1268 culparetur,
699 1210 917 1271 professus
938 1221 1000 1254 est
1024 1210 1184 1271 palam,
1206 1230 1226 1251 «
1245 1211 1279 1253 si
1301 1219 1594 1270 grassatorum
1617 1219 1659 1252 et
1678 1210 1782 1253 sica-

408 1291 573 1334 riorum
602 1307 683 1350 ope
708 1293 751 1335 in
776 1291 938 1335 tuenda
968 1308 1043 1335 sua
1074 1291 1284 1351 dignitate
1312 1307 1416 1334 usus
1451 1299 1587 1346 esset,
1622 1289 1779 1333 talibus

407 1388 581 1431 quoque
604 1390 647 1416 se
670 1388 816 1432 parem
842 1373 1024 1433 gratiam
1046 1370 1337 1416 relaturum.»

470 1454 672 1496 LXXIII.
715 1452 966 1497 Simultates
1000 1463 1153 1498 contra
1187 1454 1327 1498 nullas
1354 1464 1440 1498 tam
1471 1470 1623 1515 graves
1658 1470 1778 1497 exce·

406 1533 470 1592 pit
497 1549 689 1592 unquam
707 1569 718 1587 ,
749 1545 799 1577 ut
828 1551 916 1578 non
948 1534 1172 1578 occasione
1197 1533 1342 1577 oblata
1369 1534 1506 1578 libens
1530 1534 1777 1596 deponeret.

407 1614 455 1656 C.
489 1615 713 1670 Memmii,
747 1615 871 1675 cujus
905 1615 1151 1675 asperrimis
1187 1615 1457 1659 orationibus
1489 1633 1576 1658 non
1612 1616 1780 1658 minore

407 1694 639 1738 acerbitate
672 1696 976 1756 rescripserat,
1012 1697 1141 1740 etiam
1174 1697 1436 1758 suffragator
1465 1713 1564 1740 mox
1592 1697 1636 1739 in
1670 1695 1780 1756 peti—

408 1774 525 1818 tione
558 1774 810 1819 consulatus
847 1776 943 1820 fuit.
980 1779 1027 1822 C.
1067 1776 1203 1822 Calvo
1238 1787 1335 1838 post
1369 1778 1532 1821 famosa
1566 1777 1779 1837 epigram-

406 1864 522 1898 mata
563 1854 615 1898 de
654 1856 1005 1900 reconciliatione
1042 1874 1119 1919 per
1157 1858 1317 1901 amicos
1360 1858 1530 1918 agenti,
1574 1855 1690 1900 ultro
1729 1872 1779 1899 ac

404 1935 527 1994 prior
565 1936 748 1996 scripsit.
788 1936 1013 1981 Valerium
1050 1937 1301 1995 Catullum,
1339 1955 1363 1981 a
1400 1955 1486 1997 quo
1526 1937 1606 1980 sibi
1646 1938 1777 1980 versi-

405 2014 513 2058 culis
541 2015 593 2059 de
623 2018 850 2060 Mamurra
877 2028 1087 2077 perpetua
1118 2019 1319 2079 stigmata
1349 2018 1548 2078 imposita
1576 2034 1663 2060 non
1691 2017 1776 2061 dis-

407 2094 709 2148 simulaverat,
739 2097 1069 2141 satisfacientem
1086 2133 1097 2153 ,
1125 2097 1273 2141 eadem
1304 2097 1371 2140 die
1398 2097 1595 2140 adhibuit
1622 2114 1775 2153 eoenae,

408 2174 682 2235 hospitioque
719 2178 853 2237 patris
889 2178 1006 2237 ejus,
1042 2179 1153 2221 sicut
1189 2189 1444 2235 consuerat,
1482 2179 1545 2221 nti
1581 2195 1777 2239 perseve-

407 2255 531 2297 ravit.

467 2336 669 2380 LXXIV.
706 2337 790 2380 Sed
818 2349 858 2381 et
886 2340 927 2382 in
960 2339 1208 2384 ulciscendo
1239 2350 1395 2384 natura
1424 2339 1680 2384 lenissimus.
1708 2339 1776 2383 Pi-

405 2423 538 2470 ratas,
556 2432 578 2458 a
591 2416 750 2474 quibus
766 2428 917 2478 captus
932 2429 1016 2473 est,
1032 2436 1169 2479 quum
1186 2422 1227 2462 in
1243 2419 1505 2463 deditionem
1521 2420 1774 2481 redegisset,

405 2495 610 2552 quoniam
646 2496 904 2541 suffixurum
944 2516 987 2543 se
1021 2500 1139 2542 cruci
1176 2508 1275 2542 ante
1307 2499 1554 2558 juraverat,
1582 2498 1773 2560 J'ugulari

409 2574 524 2629 prius
562 2575 716 2633 jussit,
756 2577 911 2621 deinde
950 2578 1105 2639 suffigi.
1148 2579 1351 2624 Cornelio
1393 2582 1612 2642 Phagitae,
1651 2582 1773 2641 cujus

407 2653 624 2708 quondam
665 2667 896 2700 nocturnas
942 2659 1114 2700 insidias
1151 2677 1259 2719 zrgcr
1300 2678 1347 2703 zu:
1387 2661 1543 2715 latens,
1587 2678 1638 2703 ne
1677 2678 1772 2721 pcr-
