1988 3439
801 274 944 308 NERO.
1472 279 1544 321 249

199 356 452 418 applicaret;
478 358 707 418 multisque
731 355 794 399 vel
823 357 1054 400 amicitiam
1076 372 1197 399 suam
1221 356 1452 414 obtulerit,
1479 359 1543 402 vel

200 437 461 482 simultatem
491 438 713 491 indixerit,
739 445 870 497 prout
896 437 1076 496 quisque
1099 452 1142 479 se
1163 436 1298 496 magis
1323 439 1545 497 parciusvc

198 515 422 562 laudasset.

259 599 417 641 XXVI.
447 596 752 651 Petulantiam,
774 595 992 640 libidinem
1010 630 1020 651 ,
1041 596 1253 641 luxuriam
1270 632 1281 653 ,
1302 598 1545 652 avaritiam,

197 676 491 722 crudelitatem
507 712 518 730 ‚
540 679 696 721 sensim
723 677 893 737 quidem
919 678 1059 738 primo
1084 688 1125 722 et
1142 676 1332 733 occulte,
1359 688 1401 721 et
1427 676 1547 722 velut

193 756 372 815 juvenili
404 773 569 810 errore,
597 759 786 801 exercuit
811 775 820 800 ε
848 757 921 801 sed
952 768 999 801 ut
1031 768 1137 802 tunc
1162 774 1335 818 quoque
1366 757 1546 801 dubium

198 837 357 880 nemini
391 835 526 890 foret,
554 846 717 881 naturae
751 835 821 880 illa
856 838 984 892 vitia,
1018 853 1105 881 non
1138 838 1272 881 aetatis
1305 853 1408 881 esse.
1445 840 1547 881 Post

195 914 496 975 crepusculum
530 917 671 960 statim
688 951 699 971 ,
726 926 900 976 arrepto
929 915 1041 977 pileo
1069 915 1135 960 vel
1163 915 1335 978 galero,
1366 918 1547 978 popinas

197 993 358 1049 inibat;
378 995 626 1056 circumque
650 996 767 1040 vicos
792 995 1030 1057 vagabatur
1051 994 1342 1052 ludibundus,
1364 1013 1442 1041 nec
1458 998 1548 1040 sine

194 1073 382 1133 pernicie
412 1083 573 1118 tamen.
598 1075 821 1136 Siquidem
844 1075 1069 1120 redeuntes
1101 1091 1124 1118 a
1147 1092 1264 1119 coena
1295 1076 1546 1133 verberare,

193 1167 242 1195 ac
268 1163 561 1213 repugnantes
587 1154 840 1210 vulnerare,
868 1153 1108 1214 cloacisque
1130 1154 1377 1215 demergere
1403 1172 1546 1200 assue-

193 1241 258 1275 rat
289 1249 298 1275 ε
336 1232 532 1276 tabernas
567 1235 694 1277 ctiam
730 1233 958 1294 effringere
998 1244 1040 1277 et
1084 1233 1295 1294 expilare,
1341 1236 1546 1294 quintana

193 1310 308 1355 domi
331 1313 581 1366 constituta,
608 1313 678 1356 ubi
709 1323 841 1373 partae
861 1322 902 1356 et
927 1312 978 1356 ad
1004 1311 1285 1356 licitationem
1309 1313 1546 1358 dividendae

194 1389 345 1450 praedae
369 1392 555 1451 pretium
583 1393 892 1435 absumeretur.
919 1396 983 1436 Ac
1007 1409 1116 1453 saepe
1141 1395 1185 1435 in
1210 1392 1419 1452 ejusmodi
1446 1394 1547 1437 rixis

192 1468 415 1513 oculorum
437 1480 479 1514 et
504 1471 600 1514 vitae
623 1470 860 1530 periculum
886 1470 1016 1526 adiit,
1043 1487 1066 1514 a
1095 1471 1284 1531 quodam
1311 1471 1546 1528 laticlavio,

191 1548 314 1608 cujus
357 1566 530 1594 uxorem
573 1559 898 1603 attrectaverat,
942 1567 1076 1611 prope
1114 1550 1168 1594 ad
1209 1567 1356 1594 necem
1401 1568 1544 1596 caesus.

192 1627 340 1684 Quare
371 1645 593 1689 nunquam
621 1639 765 1690 postea
796 1629 970 1690 publico
996 1646 1038 1674 se
1068 1629 1174 1673 illud
1199 1630 1315 1674 horae
1349 1631 1439 1675 sine
1469 1632 1545 1675 tri-

192 1707 318 1751 bunis
351 1710 591 1765 commisit,
618 1709 768 1770 procul
803 1720 844 1754 et
872 1710 1037 1754 occulte
1072 1710 1445 1770 subsequentibus.
1480 1714 1548 1755 In-

193 1785 332 1830 terdiu
357 1803 528 1848 quoque
543 1788 653 1832 clam
669 1791 899 1850 gestatoria
917 1789 1020 1834 sella
1043 1789 1208 1834 delatus
1237 1791 1279 1833 in
1305 1791 1517 1835 theatrum
1535 1826 1545 1845 ,

191 1865 472 1910 seditionibus
499 1870 861 1928 pantomimorum
884 1886 935 1913 ex
960 1880 1080 1930 parte
1099 1871 1309 1930 proscenii
1334 1871 1546 1931 superiori

192 1945 369 2006 signifer
396 1947 522 1991 simul
549 1964 597 1991 ac
631 1958 846 2008 spectator
872 1948 1031 1992 aderat.
1061 1951 1115 1992 Et
1146 1966 1280 2009 quum
1310 1950 1361 1993 ad
1393 1967 1547 1994 manus

192 2034 367 2069 ventum
391 2036 528 2081 esset,
550 2026 850 2087 lapidibusque
874 2038 913 2071 et
940 2027 1241 2072 subselliorum
1264 2029 1547 2089 fragminibus

192 2103 505 2161 decerneretur,
543 2105 676 2150 multa
715 2116 756 2150 et
798 2107 886 2167 ipse
928 2107 1029 2166 jecit
1065 2109 1107 2150 in
1144 2107 1379 2168 populum,
1419 2119 1547 2169 atque

192 2184 318 2227 ctiam
347 2186 539 2244 praetoris
563 2196 692 2246 caput
717 2187 1023 2230 consauciavit.

255 2265 438 2307 XXVII.
460 2262 670 2307 Paulatim
686 2281 787 2307 vero
811 2265 1168 2309 invalescentibus
1183 2268 1319 2323 vitiis,
1337 2267 1548 2327 jocularia

194 2353 235 2387 et
259 2342 443 2387 latebras
465 2344 609 2386 omisit
624 2378 635 2399 ,
659 2342 861 2404 nullaque
881 2344 1176 2388 dissimulandi
1195 2362 1297 2390 cura
1313 2347 1366 2390 ad
1385 2348 1547 2408 majora

195 2421 334 2484 palam
370 2423 526 2482 erupit.
556 2421 715 2484 Epulas
741 2440 764 2466 a
792 2422 931 2468 medio
964 2424 1031 2468 die
1063 2424 1115 2467 ad
1155 2425 1337 2470 mediam
1376 2436 1545 2470 noctem

195 2502 499 2563 protrahebat,
524 2502 683 2546 refotus
710 2505 862 2564 saepius
891 2503 1037 2547 calidis
1063 2505 1256 2564 piscinis,
1281 2522 1330 2549 ac
1355 2515 1547 2566 tempore

195 2583 340 2625 aestivo
380 2583 534 2625 nivatis
575 2600 582 2625 :
622 2584 934 2644 coenitabatque
972 2602 1282 2644 nonnunquam
1317 2595 1354 2628 et
1397 2587 1437 2629 in
1475 2603 1548 2646 pu-

196 2658 329 2716 blico,
373 2661 640 2706 Naumachia
683 2662 912 2722 praeclusa,
953 2663 1013 2707 vel
1059 2665 1216 2708 Man-tio
1265 2681 1441 2725 rampo,
1484 2665 1545 2708 vcl
