<?xml version="1.0" encoding="UTF-8"?>
<!DOCTYPE html PUBLIC "-//W3C//DTD XHTML 1.0 Transitional//EN"
    "http://www.w3.org/TR/xhtml1/DTD/xhtml1-transitional.dtd">
<html xmlns="http://www.w3.org/1999/xhtml" xml:lang="en" lang="en">
 <head>
  <title>
</title>
<meta http-equiv="Content-Type" content="text/html;charset=utf-8" />
  <meta name='ocr-system' content='tesseract 3.04.00' />
  <meta name='ocr-capabilities' content='ocr_page ocr_carea ocr_par ocr_line ocrx_word'/>
</head>
<body>
  <div class='ocr_page' id='page_1' title='image "./operagro00suetuoft_0443.png"; bbox 0 0 1988 3407; ppageno 0'>
   <div class='ocr_carea' id='block_1_1' title="bbox 607 227 1542 263">
    <p class='ocr_par' dir='ltr' id='par_1_1' title="bbox 607 227 1542 263">
     <span class='ocr_line' id='line_1_1' title="bbox 607 227 1542 263; baseline 0.001 -1"><span class='ocrx_word' id='word_1_1' title='bbox 607 228 656 262; x_wconf 74' lang='lat' dir='ltr'>IN</span> <span class='ocrx_word' id='word_1_2' title='bbox 690 229 728 262; x_wconf 87' lang='lat' dir='ltr'>C.</span> <span class='ocrx_word' id='word_1_3' title='bbox 760 228 791 261; x_wconf 87' lang='lat' dir='ltr'>J.</span> <span class='ocrx_word' id='word_1_4' title='bbox 822 227 1080 262; x_wconf 60' lang='lat' dir='ltr'>CAESAREM.</span> <span class='ocrx_word' id='word_1_5' title='bbox 1475 230 1542 263; x_wconf 60' lang='lat'>1&#39;2’2</span> 
     </span>
    </p>
   </div>
   <div class='ocr_carea' id='block_1_2' title="bbox 153 302 1551 2275">
    <p class='ocr_par' dir='ltr' id='par_1_2' title="bbox 156 302 1546 414">
     <span class='ocr_line' id='line_1_2' title="bbox 156 302 1546 350; baseline -0.002 -10"><span class='ocrx_word' id='word_1_6' title='bbox 156 304 254 340; x_wconf 76' lang='lat' dir='ltr'>enim</span> <span class='ocrx_word' id='word_1_7' title='bbox 275 304 474 350; x_wconf 83' lang='lat' dir='ltr'>damnato,</span> <span class='ocrx_word' id='word_1_8' title='bbox 499 303 546 339; x_wconf 92' lang='lat' dir='ltr'>de</span> <span class='ocrx_word' id='word_1_9' title='bbox 560 306 701 340; x_wconf 83' lang='lat' dir='ltr'>Caesare</span> <span class='ocrx_word' id='word_1_10' title='bbox 721 303 820 338; x_wconf 89' lang='lat' dir='ltr'>idem</span> <span class='ocrx_word' id='word_1_11' title='bbox 841 302 984 350; x_wconf 82' lang='lat' dir='ltr'>sperari</span> <span class='ocrx_word' id='word_1_12' title='bbox 1002 309 1169 350; x_wconf 87' lang='lat' dir='ltr'>poterat,</span> <span class='ocrx_word' id='word_1_13' title='bbox 1185 302 1234 336; x_wconf 93' lang='lat' dir='ltr'>ob</span> <span class='ocrx_word' id='word_1_14' title='bbox 1255 314 1382 348; x_wconf 84' lang='lat' dir='ltr'>parem</span> <span class='ocrx_word' id='word_1_15' title='bbox 1405 304 1546 338; x_wconf 73' lang='lat' dir='ltr'>utrius-</span> 
     </span>
     <span class='ocr_line' id='line_1_3' title="bbox 156 377 444 414; baseline -0.003 -12"><span class='ocrx_word' id='word_1_16' title='bbox 156 379 231 414; x_wconf 81' lang='lat' dir='ltr'>que</span> <span class='ocrx_word' id='word_1_17' title='bbox 250 377 410 402; x_wconf 81' lang='lat' dir='ltr'>causam.</span> <span class='ocrx_word' id='word_1_18' title='bbox 430 382 444 396; x_wconf 82' lang='grc' dir='ltr'>ιι</span> 
     </span>
    </p>

    <p class='ocr_par' dir='ltr' id='par_1_3' title="bbox 155 424 1549 660">
     <span class='ocr_line' id='line_1_4' title="bbox 209 424 1546 477; baseline -0.002 -14"><span class='ocrx_word' id='word_1_19' title='bbox 209 430 258 463; x_wconf 84' lang='lat' dir='ltr'>In</span> <span class='ocrx_word' id='word_1_20' title='bbox 272 429 553 477; x_wconf 79' lang='lat' dir='ltr'>praejudicium.</span> <span class='ocrx_word' id='word_1_21' title='bbox 575 427 679 472; x_wconf 84' lang='lat' dir='ltr'>Quid</span> <span class='ocrx_word' id='word_1_22' title='bbox 709 426 755 461; x_wconf 89' lang='lat' dir='ltr'>sit</span> <span class='ocrx_word' id='word_1_23' title='bbox 776 426 1040 473; x_wconf 79' lang='lat' dir='ltr'>proeJudicium</span> <span class='ocrx_word' id='word_1_24' title='bbox 1067 424 1179 460; x_wconf 89' lang='lat' dir='ltr'>docet</span> <span class='ocrx_word' id='word_1_25' title='bbox 1206 427 1343 460; x_wconf 79' lang='lat' dir='ltr'>Ascon.</span> <span class='ocrx_word' id='word_1_26' title='bbox 1357 453 1366 470; x_wconf 85' lang='lat'>‚</span> <span class='ocrx_word' id='word_1_27' title='bbox 1387 425 1426 459; x_wconf 91' lang='lat' dir='ltr'>in</span> <span class='ocrx_word' id='word_1_28' title='bbox 1447 425 1521 460; x_wconf 82' lang='lat' dir='ltr'>Cic.</span> <span class='ocrx_word' id='word_1_29' title='bbox 1538 454 1546 469; x_wconf 89' lang='lat'>,</span> 
     </span>
     <span class='ocr_line' id='line_1_5' title="bbox 155 486 1547 534; baseline -0.004 -9"><span class='ocrx_word' id='word_1_30' title='bbox 155 492 204 526; x_wconf 82' lang='lat' dir='ltr'>dc</span> <span class='ocrx_word' id='word_1_31' title='bbox 227 491 350 526; x_wconf 81' lang='lat' dir='ltr'>Divin.</span> <span class='ocrx_word' id='word_1_32' title='bbox 378 504 390 525; x_wconf 76' lang='lat'>.-</span> <span class='ocrx_word' id='word_1_33' title='bbox 415 508 429 522; x_wconf 74' lang='grc' dir='ltr'>α</span> <span class='ocrx_word' id='word_1_34' title='bbox 455 489 719 534; x_wconf 77' lang='lat' dir='ltr'>Praejudicium</span> <span class='ocrx_word' id='word_1_35' title='bbox 744 487 884 523; x_wconf 90' lang='lat' dir='ltr'>dicitur</span> <span class='ocrx_word' id='word_1_36' title='bbox 903 500 978 532; x_wconf 88' lang='lat' dir='ltr'>res,</span> <span class='ocrx_word' id='word_1_37' title='bbox 1000 499 1085 534; x_wconf 78' lang='lat' dir='ltr'>quae</span> <span class='ocrx_word' id='word_1_38' title='bbox 1105 499 1224 534; x_wconf 89' lang='lat' dir='ltr'>quum</span> <span class='ocrx_word' id='word_1_39' title='bbox 1254 493 1392 521; x_wconf 86' lang='lat' dir='ltr'>statuta</span> <span class='ocrx_word' id='word_1_40' title='bbox 1412 486 1523 521; x_wconf 87' lang='lat' dir='ltr'>fuerit</span> <span class='ocrx_word' id='word_1_41' title='bbox 1539 515 1547 530; x_wconf 83' lang='grc'>,</span> 
     </span>
     <span class='ocr_line' id='line_1_6' title="bbox 155 547 1549 599; baseline -0.004 -11"><span class='ocrx_word' id='word_1_42' title='bbox 155 552 267 587; x_wconf 77' lang='lat' dir='ltr'>affert</span> <span class='ocrx_word' id='word_1_43' title='bbox 298 551 524 599; x_wconf 83' lang='lat' dir='ltr'>judicaturis</span> <span class='ocrx_word' id='word_1_44' title='bbox 561 551 775 598; x_wconf 84' lang='lat' dir='ltr'>exemplum</span> <span class='ocrx_word' id='word_1_45' title='bbox 818 549 925 597; x_wconf 92' lang='lat' dir='ltr'>quod</span> <span class='ocrx_word' id='word_1_46' title='bbox 962 555 1180 596; x_wconf 88' lang='lat' dir='ltr'>sequantur.</span> <span class='ocrx_word' id='word_1_47' title='bbox 1201 563 1221 579; x_wconf 75' lang='lat' dir='ltr'><strong>n</strong></span> <span class='ocrx_word' id='word_1_48' title='bbox 1253 547 1314 584; x_wconf 87' lang='lat' dir='ltr'>Cf.</span> <span class='ocrx_word' id='word_1_49' title='bbox 1340 549 1549 592; x_wconf 49' lang='lat' dir='ltr'>Qunvrn„</span> 
     </span>
     <span class='ocr_line' id='line_1_7' title="bbox 159 615 404 660; baseline 0.004 -12"><span class='ocrx_word' id='word_1_50' title='bbox 159 615 272 657; x_wconf 55' lang='lat' dir='ltr'>Ima,</span> <span class='ocrx_word' id='word_1_51' title='bbox 299 627 342 660; x_wconf 81' lang='lat' dir='ltr'>v,</span> <span class='ocrx_word' id='word_1_52' title='bbox 371 626 404 651; x_wconf 83' lang='lat'>2.</span> 
     </span>
    </p>

    <p class='ocr_par' dir='ltr' id='par_1_4' title="bbox 155 669 1547 786">
     <span class='ocr_line' id='line_1_8' title="bbox 209 669 1547 724; baseline -0.005 -12"><span class='ocrx_word' id='word_1_53' title='bbox 209 680 383 724; x_wconf 71' lang='lat' dir='ltr'>Amptus</span> <span class='ocrx_word' id='word_1_54' title='bbox 404 684 469 710; x_wconf 82' lang='lat' dir='ltr'>est.</span> <span class='ocrx_word' id='word_1_55' title='bbox 493 675 553 711; x_wconf 89' lang='lat' dir='ltr'>Sic</span> <span class='ocrx_word' id='word_1_56' title='bbox 573 674 652 710; x_wconf 87' lang='lat' dir='ltr'>Liv.</span> <span class='ocrx_word' id='word_1_57' title='bbox 666 702 676 718; x_wconf 89' lang='lat'>,</span> <span class='ocrx_word' id='word_1_58' title='bbox 696 687 767 719; x_wconf 85' lang='lat'>111,</span> <span class='ocrx_word' id='word_1_59' title='bbox 791 674 838 710; x_wconf 88' lang='lat'>58</span> <span class='ocrx_word' id='word_1_60' title='bbox 860 687 867 709; x_wconf 91' lang='lat'>:</span> <span class='ocrx_word' id='word_1_61' title='bbox 890 690 904 705; x_wconf 66' lang='lat' dir='ltr'>a</span> <span class='ocrx_word' id='word_1_62' title='bbox 928 671 1098 708; x_wconf 84' lang='lat' dir='ltr'>Subinde</span> <span class='ocrx_word' id='word_1_63' title='bbox 1117 677 1290 718; x_wconf 78' lang='lat' dir='ltr'>arreptus</span> <span class='ocrx_word' id='word_1_64' title='bbox 1309 682 1330 706; x_wconf 88' lang='lat' dir='ltr'>a</span> <span class='ocrx_word' id='word_1_65' title='bbox 1346 671 1387 706; x_wconf 91' lang='lat' dir='ltr'>P.</span> <span class='ocrx_word' id='word_1_66' title='bbox 1412 669 1547 706; x_wconf 86' lang='lat' dir='ltr'>Numi-</span> 
     </span>
     <span class='ocr_line' id='line_1_9' title="bbox 155 736 958 786; baseline -0.004 -13"><span class='ocrx_word' id='word_1_67' title='bbox 155 738 255 774; x_wconf 81' lang='lat' dir='ltr'>torio</span> <span class='ocrx_word' id='word_1_68' title='bbox 275 739 338 786; x_wconf 89' lang='lat' dir='ltr'>Sp.</span> <span class='ocrx_word' id='word_1_69' title='bbox 360 737 508 785; x_wconf 90' lang='lat' dir='ltr'>Oppius</span> <span class='ocrx_word' id='word_1_70' title='bbox 535 736 684 772; x_wconf 83' lang='lat' dir='ltr'>invidiae</span> <span class='ocrx_word' id='word_1_71' title='bbox 703 736 918 784; x_wconf 85' lang='lat' dir='ltr'>proximus.</span> <span class='ocrx_word' id='word_1_72' title='bbox 944 752 958 765; x_wconf 86' lang='lat'>»</span> 
     </span>
    </p>

    <p class='ocr_par' dir='ltr' id='par_1_5' title="bbox 211 798 1281 845">
     <span class='ocr_line' id='line_1_10' title="bbox 211 798 1281 845; baseline -0.006 -8"><span class='ocrx_word' id='word_1_73' title='bbox 211 801 436 837; x_wconf 78' lang='lat' dir='ltr'>Postulatus.</span> <span class='ocrx_word' id='word_1_74' title='bbox 461 801 506 835; x_wconf 87' lang='grc' dir='ltr'>Η.</span> <span class='ocrx_word' id='word_1_75' title='bbox 529 812 559 834; x_wconf 92' lang='lat' dir='ltr'>e.</span> <span class='ocrx_word' id='word_1_76' title='bbox 581 799 620 834; x_wconf 90' lang='lat' dir='ltr'>in</span> <span class='ocrx_word' id='word_1_77' title='bbox 643 798 790 845; x_wconf 88' lang='lat' dir='ltr'>judicio</span> <span class='ocrx_word' id='word_1_78' title='bbox 811 805 1022 843; x_wconf 82' lang='lat' dir='ltr'>accusatus,</span> <span class='ocrx_word' id='word_1_79' title='bbox 1042 804 1085 832; x_wconf 89' lang='lat' dir='ltr'>ut</span> <span class='ocrx_word' id='word_1_80' title='bbox 1103 809 1208 844; x_wconf 89' lang='lat' dir='ltr'>sup.‚</span> <span class='ocrx_word' id='word_1_81' title='bbox 1230 809 1281 832; x_wconf 66' lang='grc' dir='ltr'>ιν.</span> 
     </span>
    </p>

    <p class='ocr_par' dir='ltr' id='par_1_6' title="bbox 210 847 1548 910">
     <span class='ocr_line' id='line_1_11' title="bbox 210 847 1548 910; baseline -0.005 -12"><span class='ocrx_word' id='word_1_82' title='bbox 210 862 384 910; x_wconf 75' lang='lat' dir='ltr'>Collegio.</span> <span class='ocrx_word' id='word_1_83' title='bbox 409 847 493 897; x_wconf 86' lang='lat' dir='ltr'>Scil.</span> <span class='ocrx_word' id='word_1_84' title='bbox 510 861 773 905; x_wconf 87' lang='lat' dir='ltr'>tribunorum,</span> <span class='ocrx_word' id='word_1_85' title='bbox 793 860 816 897; x_wconf 90' lang='lat' dir='ltr'>i.</span> <span class='ocrx_word' id='word_1_86' title='bbox 832 873 863 895; x_wconf 90' lang='lat' dir='ltr'>e.</span> <span class='ocrx_word' id='word_1_87' title='bbox 878 888 886 904; x_wconf 93' lang='lat'>,</span> <span class='ocrx_word' id='word_1_88' title='bbox 901 872 1020 907; x_wconf 90' lang='lat' dir='ltr'>quum</span> <span class='ocrx_word' id='word_1_89' title='bbox 1033 864 1276 906; x_wconf 89' lang='lat' dir='ltr'>provocasset</span> <span class='ocrx_word' id='word_1_90' title='bbox 1295 857 1344 894; x_wconf 92' lang='lat' dir='ltr'>ad</span> <span class='ocrx_word' id='word_1_91' title='bbox 1362 855 1548 892; x_wconf 84' lang='lat' dir='ltr'>tribunos.</span> 
     </span>
    </p>

    <p class='ocr_par' dir='ltr' id='par_1_7' title="bbox 153 919 1550 1158">
     <span class='ocr_line' id='line_1_12' title="bbox 213 919 1549 972; baseline -0.004 -12"><span class='ocrx_word' id='word_1_92' title='bbox 213 925 337 960; x_wconf 72' lang='lat' dir='ltr'>Fiet-et.</span> <span class='ocrx_word' id='word_1_93' title='bbox 352 924 454 972; x_wconf 84' lang='lat' dir='ltr'>Lege</span> <span class='ocrx_word' id='word_1_94' title='bbox 472 923 648 958; x_wconf 81' lang='lat' dir='ltr'>Memmia</span> <span class='ocrx_word' id='word_1_95' title='bbox 669 922 708 958; x_wconf 90' lang='lat' dir='ltr'>id</span> <span class='ocrx_word' id='word_1_96' title='bbox 728 922 975 970; x_wconf 86' lang='lat' dir='ltr'>prohibitum.</span> <span class='ocrx_word' id='word_1_97' title='bbox 991 921 1074 956; x_wconf 84' lang='lat' dir='ltr'>val.</span> <span class='ocrx_word' id='word_1_98' title='bbox 1093 922 1196 956; x_wconf 86' lang='lat' dir='ltr'>Max.</span> <span class='ocrx_word' id='word_1_99' title='bbox 1210 948 1219 966; x_wconf 92' lang='lat'>,</span> <span class='ocrx_word' id='word_1_100' title='bbox 1241 932 1291 955; x_wconf 87' lang='lat'>111</span> <span class='ocrx_word' id='word_1_101' title='bbox 1303 947 1313 965; x_wconf 89' lang='lat'>,</span> <span class='ocrx_word' id='word_1_102' title='bbox 1328 932 1347 965; x_wconf 86' lang='lat'><strong>7</strong></span> <span class='ocrx_word' id='word_1_103' title='bbox 1364 932 1372 954; x_wconf 91' lang='lat'><strong>:</strong></span> <span class='ocrx_word' id='word_1_104' title='bbox 1388 934 1407 952; x_wconf 82' lang='grc' dir='ltr'>α</span> <span class='ocrx_word' id='word_1_105' title='bbox 1422 919 1549 964; x_wconf 87' lang='lat' dir='ltr'>Quum</span> 
     </span>
     <span class='ocr_line' id='line_1_13' title="bbox 156 979 1550 1034; baseline -0.004 -13"><span class='ocrx_word' id='word_1_106' title='bbox 156 986 196 1021; x_wconf 90' lang='lat' dir='ltr'>id</span> <span class='ocrx_word' id='word_1_107' title='bbox 215 993 346 1021; x_wconf 81' lang='lat' dir='ltr'>vetare</span> <span class='ocrx_word' id='word_1_108' title='bbox 364 983 552 1020; x_wconf 83' lang='lat' dir='ltr'>beneficio</span> <span class='ocrx_word' id='word_1_109' title='bbox 578 985 669 1034; x_wconf 84' lang='lat' dir='ltr'>legis</span> <span class='ocrx_word' id='word_1_110' title='bbox 690 984 874 1020; x_wconf 60' lang='lat' dir='ltr'>Memmia*</span> <span class='ocrx_word' id='word_1_111' title='bbox 897 983 1047 1029; x_wconf 86' lang='lat' dir='ltr'>liceret,</span> <span class='ocrx_word' id='word_1_112' title='bbox 1069 995 1152 1031; x_wconf 84' lang='lat' dir='ltr'>quae</span> <span class='ocrx_word' id='word_1_113' title='bbox 1173 994 1305 1017; x_wconf 89' lang='lat' dir='ltr'>eorum</span> <span class='ocrx_word' id='word_1_114' title='bbox 1326 980 1392 1029; x_wconf 93' lang='lat' dir='ltr'>qui</span> <span class='ocrx_word' id='word_1_115' title='bbox 1416 979 1550 1028; x_wconf 88' lang='lat' dir='ltr'>reipu-</span> 
     </span>
     <span class='ocr_line' id='line_1_14' title="bbox 153 1044 1550 1094; baseline -0.004 -11"><span class='ocrx_word' id='word_1_116' title='bbox 153 1046 258 1083; x_wconf 83' lang='lat' dir='ltr'>blicae</span> <span class='ocrx_word' id='word_1_117' title='bbox 277 1059 389 1083; x_wconf 84' lang='lat' dir='ltr'>causa</span> <span class='ocrx_word' id='word_1_118' title='bbox 412 1047 584 1083; x_wconf 86' lang='lat' dir='ltr'>abessent</span> <span class='ocrx_word' id='word_1_119' title='bbox 608 1046 726 1094; x_wconf 85' lang='lat' dir='ltr'>recipi</span> <span class='ocrx_word' id='word_1_120' title='bbox 745 1045 899 1081; x_wconf 87' lang='lat' dir='ltr'>nomina</span> <span class='ocrx_word' id='word_1_121' title='bbox 920 1045 1094 1090; x_wconf 81' lang='lat' dir='ltr'>vetabat,</span> <span class='ocrx_word' id='word_1_122' title='bbox 1118 1044 1158 1079; x_wconf 88' lang='lat' dir='ltr'>in</span> <span class='ocrx_word' id='word_1_123' title='bbox 1177 1044 1323 1080; x_wconf 88' lang='lat' dir='ltr'>Urbem</span> <span class='ocrx_word' id='word_1_124' title='bbox 1342 1050 1467 1078; x_wconf 86' lang='lat' dir='ltr'>tamen</span> <span class='ocrx_word' id='word_1_125' title='bbox 1485 1054 1550 1078; x_wconf 89' lang='lat' dir='ltr'>re-</span> 
     </span>
     <span class='ocr_line' id='line_1_15' title="bbox 153 1109 734 1158; baseline -0.005 -12"><span class='ocrx_word' id='word_1_126' title='bbox 153 1110 274 1146; x_wconf 82' lang='lat' dir='ltr'>currit</span> <span class='ocrx_word' id='word_1_127' title='bbox 293 1109 372 1158; x_wconf 72' lang='lat' dir='ltr'>(Sc.</span> <span class='ocrx_word' id='word_1_128' title='bbox 395 1111 448 1145; x_wconf 88' lang='grc' dir='ltr'>Μ.</span> <span class='ocrx_word' id='word_1_129' title='bbox 470 1109 693 1145; x_wconf 83' lang='lat' dir='ltr'>Antonius</span> <span class='ocrx_word' id='word_1_130' title='bbox 715 1125 734 1142; x_wconf 76' lang='lat' dir='ltr'>x»</span> 
     </span>
    </p>

    <p class='ocr_par' dir='ltr' id='par_1_8' title="bbox 154 1170 1551 1341">
     <span class='ocr_line' id='line_1_16' title="bbox 214 1170 1550 1221; baseline -0.004 -14"><span class='ocrx_word' id='word_1_131' title='bbox 214 1171 404 1221; x_wconf 77' lang='lat' dir='ltr'>Obligare.</span> <span class='ocrx_word' id='word_1_132' title='bbox 437 1173 482 1208; x_wconf 82' lang='lat' dir='ltr'>H.</span> <span class='ocrx_word' id='word_1_133' title='bbox 503 1184 535 1207; x_wconf 91' lang='lat' dir='ltr'>e.</span> <span class='ocrx_word' id='word_1_134' title='bbox 562 1170 750 1207; x_wconf 82' lang='lat' dir='ltr'>beneficio</span> <span class='ocrx_word' id='word_1_135' title='bbox 778 1171 849 1206; x_wconf 82' lang='lat' dir='ltr'>sibi</span> <span class='ocrx_word' id='word_1_136' title='bbox 875 1171 1078 1207; x_wconf 80' lang='lat' dir='ltr'>devincire.</span> <span class='ocrx_word' id='word_1_137' title='bbox 1101 1170 1176 1205; x_wconf 87' lang='lat' dir='ltr'>Cic.</span> <span class='ocrx_word' id='word_1_138' title='bbox 1192 1199 1202 1216; x_wconf 91' lang='lat'>‚</span> <span class='ocrx_word' id='word_1_139' title='bbox 1231 1170 1367 1204; x_wconf 72' lang='lat' dir='ltr'>Famil.</span> <span class='ocrx_word' id='word_1_140' title='bbox 1382 1195 1392 1210; x_wconf 92' lang='lat'><em>‚</em></span> <span class='ocrx_word' id='word_1_141' title='bbox 1414 1180 1474 1213; x_wconf 75' lang='lat' dir='ltr'>vx,</span> <span class='ocrx_word' id='word_1_142' title='bbox 1497 1179 1517 1202; x_wconf 84' lang='lat'>2</span> <span class='ocrx_word' id='word_1_143' title='bbox 1542 1179 1550 1201; x_wconf 89' lang='lat'>:</span> 
     </span>
     <span class='ocr_line' id='line_1_17' title="bbox 155 1228 1551 1281; baseline -0.004 -13"><span class='ocrx_word' id='word_1_144' title='bbox 155 1251 168 1265; x_wconf 68' lang='grc' dir='ltr'>ιι</span> <span class='ocrx_word' id='word_1_145' title='bbox 197 1233 433 1269; x_wconf 84' lang='lat' dir='ltr'>Dolabellam</span> <span class='ocrx_word' id='word_1_146' title='bbox 464 1240 573 1270; x_wconf 86' lang='lat' dir='ltr'>antea</span> <span class='ocrx_word' id='word_1_147' title='bbox 618 1233 881 1268; x_wconf 85' lang='lat' dir='ltr'>tantummodo</span> <span class='ocrx_word' id='word_1_148' title='bbox 920 1232 1144 1281; x_wconf 81' lang='lat' dir='ltr'>diligebam3</span> <span class='ocrx_word' id='word_1_149' title='bbox 1177 1231 1365 1280; x_wconf 85' lang='lat' dir='ltr'>obligatus</span> <span class='ocrx_word' id='word_1_150' title='bbox 1394 1229 1429 1264; x_wconf 86' lang='lat' dir='ltr'>ei</span> <span class='ocrx_word' id='word_1_151' title='bbox 1457 1228 1551 1263; x_wconf 79' lang='lat' dir='ltr'>nihil</span> 
     </span>
     <span class='ocr_line' id='line_1_18' title="bbox 154 1293 1204 1341; baseline -0.002 -10"><span class='ocrx_word' id='word_1_152' title='bbox 154 1307 274 1340; x_wconf 80' lang='lat' dir='ltr'>eram,</span> <span class='ocrx_word' id='word_1_153' title='bbox 292 1308 395 1331; x_wconf 88' lang='lat' dir='ltr'>nunc</span> <span class='ocrx_word' id='word_1_154' title='bbox 419 1302 524 1330; x_wconf 85' lang='lat' dir='ltr'>tanto</span> <span class='ocrx_word' id='word_1_155' title='bbox 547 1308 626 1330; x_wconf 88' lang='lat' dir='ltr'>sum</span> <span class='ocrx_word' id='word_1_156' title='bbox 649 1295 846 1330; x_wconf 72' lang='lat' dir='ltr'>devinctus</span> <span class='ocrx_word' id='word_1_157' title='bbox 867 1294 947 1341; x_wconf 81' lang='lat' dir='ltr'>ejus</span> <span class='ocrx_word' id='word_1_158' title='bbox 971 1293 1170 1330; x_wconf 80' lang='lat' dir='ltr'>beneficio.</span> <span class='ocrx_word' id='word_1_159' title='bbox 1189 1310 1204 1324; x_wconf 72' lang='grc' dir='ltr'><strong>υ</strong></span> 
     </span>
    </p>

    <p class='ocr_par' dir='ltr' id='par_1_9' title="bbox 155 1353 1549 1529">
     <span class='ocr_line' id='line_1_19' title="bbox 212 1353 1546 1406; baseline -0.004 -15"><span class='ocrx_word' id='word_1_160' title='bbox 212 1357 293 1392; x_wconf 77' lang='lat' dir='ltr'>Sibi</span> <span class='ocrx_word' id='word_1_161' title='bbox 308 1358 546 1406; x_wconf 80' lang='lat' dir='ltr'>recepissent.</span> <span class='ocrx_word' id='word_1_162' title='bbox 570 1358 655 1392; x_wconf 85' lang='lat' dir='ltr'>Plus</span> <span class='ocrx_word' id='word_1_163' title='bbox 680 1355 863 1405; x_wconf 81' lang='lat' dir='ltr'>significat</span> <span class='ocrx_word' id='word_1_164' title='bbox 886 1368 997 1404; x_wconf 76' lang='lat' dir='ltr'>quani</span> <span class='ocrx_word' id='word_1_165' title='bbox 1020 1355 1209 1403; x_wconf 85' lang='lat' dir='ltr'>polliceri,</span> <span class='ocrx_word' id='word_1_166' title='bbox 1229 1361 1271 1389; x_wconf 90' lang='lat' dir='ltr'>ut</span> <span class='ocrx_word' id='word_1_167' title='bbox 1284 1354 1380 1399; x_wconf 59' lang='lat' dir='ltr'>Cic„</span> <span class='ocrx_word' id='word_1_168' title='bbox 1404 1353 1546 1395; x_wconf 59' lang='lat' dir='ltr'>Diria,</span> 
     </span>
     <span class='ocr_line' id='line_1_20' title="bbox 155 1418 1549 1468; baseline -0.004 -13"><span class='ocrx_word' id='word_1_169' title='bbox 155 1433 186 1462; x_wconf 82' lang='grc' dir='ltr'>ι,</span> <span class='ocrx_word' id='word_1_170' title='bbox 207 1432 232 1468; x_wconf 88' lang='lat'><strong>9</strong></span> <span class='ocrx_word' id='word_1_171' title='bbox 253 1432 261 1454; x_wconf 77' lang='lat' dir='ltr'>t</span> <span class='ocrx_word' id='word_1_172' title='bbox 282 1435 302 1452; x_wconf 77' lang='grc' dir='ltr'>α</span> <span class='ocrx_word' id='word_1_173' title='bbox 318 1419 499 1467; x_wconf 90' lang='lat' dir='ltr'>Quidque</span> <span class='ocrx_word' id='word_1_174' title='bbox 519 1419 589 1456; x_wconf 87' lang='lat' dir='ltr'>sibi</span> <span class='ocrx_word' id='word_1_175' title='bbox 605 1419 633 1455; x_wconf 92' lang='lat' dir='ltr'>is</span> <span class='ocrx_word' id='word_1_176' title='bbox 654 1419 700 1455; x_wconf 91' lang='lat' dir='ltr'>de</span> <span class='ocrx_word' id='word_1_177' title='bbox 721 1433 779 1455; x_wconf 92' lang='lat' dir='ltr'>me</span> <span class='ocrx_word' id='word_1_178' title='bbox 803 1419 1013 1467; x_wconf 83' lang='lat' dir='ltr'>recepisset.</span> <span class='ocrx_word' id='word_1_179' title='bbox 1033 1436 1046 1449; x_wconf 88' lang='grc' dir='ltr'>ιι</span> <span class='ocrx_word' id='word_1_180' title='bbox 1070 1419 1174 1454; x_wconf 88' lang='lat' dir='ltr'>Idem</span> <span class='ocrx_word' id='word_1_181' title='bbox 1194 1418 1249 1452; x_wconf 80' lang='lat' dir='ltr'>acl</span> <span class='ocrx_word' id='word_1_182' title='bbox 1267 1419 1342 1452; x_wconf 81' lang='lat' dir='ltr'>Au.</span> <span class='ocrx_word' id='word_1_183' title='bbox 1356 1443 1367 1458; x_wconf 94' lang='lat'><em>‚</em></span> <span class='ocrx_word' id='word_1_184' title='bbox 1390 1428 1488 1460; x_wconf 81' lang='lat' dir='ltr'>xux,</span> <span class='ocrx_word' id='word_1_185' title='bbox 1512 1428 1549 1450; x_wconf 89' lang='lat'>1:</span> 
     </span>
     <span class='ocr_line' id='line_1_21' title="bbox 155 1480 1259 1529; baseline -0.002 -13"><span class='ocrx_word' id='word_1_186' title='bbox 155 1499 167 1511; x_wconf 78' lang='lat' dir='ltr'>u</span> <span class='ocrx_word' id='word_1_187' title='bbox 187 1481 378 1527; x_wconf 85' lang='lat' dir='ltr'>Quoniam</span> <span class='ocrx_word' id='word_1_188' title='bbox 398 1481 444 1517; x_wconf 92' lang='lat' dir='ltr'>de</span> <span class='ocrx_word' id='word_1_189' title='bbox 472 1489 594 1517; x_wconf 71' lang='lat' dir='ltr'>aestatc</span> <span class='ocrx_word' id='word_1_190' title='bbox 620 1481 825 1529; x_wconf 82' lang='lat' dir='ltr'>polliceris,</span> <span class='ocrx_word' id='word_1_191' title='bbox 846 1481 904 1516; x_wconf 72' lang='lat' dir='ltr'>vel</span> <span class='ocrx_word' id='word_1_192' title='bbox 925 1481 1052 1528; x_wconf 87' lang='lat' dir='ltr'>potius</span> <span class='ocrx_word' id='word_1_193' title='bbox 1073 1480 1217 1527; x_wconf 85' lang='lat' dir='ltr'>recipis.</span> <span class='ocrx_word' id='word_1_194' title='bbox 1241 1495 1259 1511; x_wconf 78' lang='lat' dir='ltr'>n</span> 
     </span>
    </p>

    <p class='ocr_par' dir='ltr' id='par_1_10' title="bbox 154 1540 1551 1839">
     <span class='ocr_line' id='line_1_22' title="bbox 207 1540 1550 1587; baseline -0.004 -9"><span class='ocrx_word' id='word_1_195' title='bbox 207 1543 295 1579; x_wconf 70' lang='lat' dir='ltr'>Cu.</span> <span class='ocrx_word' id='word_1_196' title='bbox 318 1544 464 1579; x_wconf 83' lang='lat' dir='ltr'>XXIV.</span> <span class='ocrx_word' id='word_1_197' title='bbox 492 1544 645 1579; x_wconf 81' lang='lat' dir='ltr'>Lucam.</span> <span class='ocrx_word' id='word_1_198' title='bbox 674 1544 774 1578; x_wconf 89' lang='lat' dir='ltr'>Dum</span> <span class='ocrx_word' id='word_1_199' title='bbox 794 1544 932 1578; x_wconf 85' lang='lat' dir='ltr'>Noster</span> <span class='ocrx_word' id='word_1_200' title='bbox 952 1545 1094 1578; x_wconf 85' lang='lat' dir='ltr'>Lucam</span> <span class='ocrx_word' id='word_1_201' title='bbox 1115 1542 1241 1578; x_wconf 86' lang='lat' dir='ltr'>Galliae</span> <span class='ocrx_word' id='word_1_202' title='bbox 1261 1540 1456 1587; x_wconf 78' lang='lat' dir='ltr'>Cisalpinae</span> <span class='ocrx_word' id='word_1_203' title='bbox 1483 1552 1550 1574; x_wconf 88' lang='lat' dir='ltr'>ur-</span> 
     </span>
     <span class='ocr_line' id='line_1_23' title="bbox 154 1602 1550 1649; baseline -0.003 -9"><span class='ocrx_word' id='word_1_204' title='bbox 154 1605 241 1640; x_wconf 84' lang='lat' dir='ltr'>bem</span> <span class='ocrx_word' id='word_1_205' title='bbox 267 1617 345 1640; x_wconf 86' lang='lat' dir='ltr'>esse</span> <span class='ocrx_word' id='word_1_206' title='bbox 373 1604 482 1649; x_wconf 86' lang='lat' dir='ltr'>dicit,</span> <span class='ocrx_word' id='word_1_207' title='bbox 503 1605 615 1649; x_wconf 64' lang='lat' dir='ltr'>Ptin„</span> <span class='ocrx_word' id='word_1_208' title='bbox 644 1606 687 1639; x_wconf 89' lang='lat' dir='ltr'>H.</span> <span class='ocrx_word' id='word_1_209' title='bbox 720 1606 785 1646; x_wconf 64' lang='lat' dir='ltr'>M,</span> <span class='ocrx_word' id='word_1_210' title='bbox 815 1618 885 1649; x_wconf 87' lang='lat'>111,</span> <span class='ocrx_word' id='word_1_211' title='bbox 914 1605 953 1647; x_wconf 88' lang='lat'>5,</span> <span class='ocrx_word' id='word_1_212' title='bbox 976 1617 1055 1640; x_wconf 74' lang='lat' dir='ltr'>enm</span> <span class='ocrx_word' id='word_1_213' title='bbox 1082 1604 1243 1640; x_wconf 86' lang='lat' dir='ltr'>Etruriae</span> <span class='ocrx_word' id='word_1_214' title='bbox 1262 1604 1355 1638; x_wconf 87' lang='lat' dir='ltr'>vult.</span> <span class='ocrx_word' id='word_1_215' title='bbox 1379 1602 1550 1645; x_wconf 77' lang='lat' dir='ltr'>Cluver.,</span> 
     </span>
     <span class='ocr_line' id='line_1_24' title="bbox 155 1665 1551 1713; baseline -0.002 -12"><span class='ocrx_word' id='word_1_216' title='bbox 155 1668 239 1702; x_wconf 72' lang='lat' dir='ltr'>Ital.</span> <span class='ocrx_word' id='word_1_217' title='bbox 267 1670 374 1710; x_wconf 63' lang='lat' dir='ltr'>Ant„</span> <span class='ocrx_word' id='word_1_218' title='bbox 405 1680 441 1713; x_wconf 86' lang='lat'>1,</span> <span class='ocrx_word' id='word_1_219' title='bbox 462 1667 484 1702; x_wconf 87' lang='lat'>8</span> <span class='ocrx_word' id='word_1_220' title='bbox 498 1696 507 1712; x_wconf 92' lang='lat'>‚</span> <span class='ocrx_word' id='word_1_221' title='bbox 535 1680 555 1703; x_wconf 84' lang='lat'>2</span> <span class='ocrx_word' id='word_1_222' title='bbox 571 1696 580 1712; x_wconf 90' lang='lat'>‚</span> <span class='ocrx_word' id='word_1_223' title='bbox 602 1668 713 1703; x_wconf 79' lang='lat' dir='ltr'>docet</span> <span class='ocrx_word' id='word_1_224' title='bbox 741 1667 899 1702; x_wconf 81' lang='lat' dir='ltr'>Etruriae</span> <span class='ocrx_word' id='word_1_225' title='bbox 924 1667 1056 1702; x_wconf 89' lang='lat' dir='ltr'>urbem</span> <span class='ocrx_word' id='word_1_226' title='bbox 1077 1679 1177 1711; x_wconf 86' lang='lat' dir='ltr'>esse;</span> <span class='ocrx_word' id='word_1_227' title='bbox 1200 1665 1267 1701; x_wconf 82' lang='lat' dir='ltr'>sed</span> <span class='ocrx_word' id='word_1_228' title='bbox 1288 1666 1351 1700; x_wconf 92' lang='lat' dir='ltr'>illo</span> <span class='ocrx_word' id='word_1_229' title='bbox 1380 1671 1551 1711; x_wconf 87' lang='lat' dir='ltr'>ternpore</span> 
     </span>
     <span class='ocr_line' id='line_1_25' title="bbox 154 1725 1550 1778; baseline -0.002 -15"><span class='ocrx_word' id='word_1_230' title='bbox 154 1728 202 1764; x_wconf 80' lang='lat' dir='ltr'>ad</span> <span class='ocrx_word' id='word_1_231' title='bbox 221 1728 414 1778; x_wconf 82' lang='lat' dir='ltr'>Liguriam</span> <span class='ocrx_word' id='word_1_232' title='bbox 435 1742 514 1764; x_wconf 80' lang='lat' dir='ltr'>earn</span> <span class='ocrx_word' id='word_1_233' title='bbox 541 1729 765 1776; x_wconf 78' lang='lat' dir='ltr'>pertinuisse</span> <span class='ocrx_word' id='word_1_234' title='bbox 785 1741 906 1776; x_wconf 83' lang='lat' dir='ltr'>usque</span> <span class='ocrx_word' id='word_1_235' title='bbox 921 1729 969 1763; x_wconf 81' lang='lat' dir='ltr'>ad</span> <span class='ocrx_word' id='word_1_236' title='bbox 988 1732 1135 1764; x_wconf 72' lang='lat' dir='ltr'>Arnum</span> <span class='ocrx_word' id='word_1_237' title='bbox 1154 1727 1313 1763; x_wconf 87' lang='lat' dir='ltr'>fluvium</span> <span class='ocrx_word' id='word_1_238' title='bbox 1333 1725 1550 1775; x_wconf 89' lang='lat' dir='ltr'>proceden-</span> 
     </span>
     <span class='ocr_line' id='line_1_26' title="bbox 155 1791 864 1839; baseline 0 -14"><span class='ocrx_word' id='word_1_239' title='bbox 155 1797 250 1836; x_wconf 85' lang='lat' dir='ltr'>tem,</span> <span class='ocrx_word' id='word_1_240' title='bbox 282 1798 317 1826; x_wconf 88' lang='lat' dir='ltr'>et</span> <span class='ocrx_word' id='word_1_241' title='bbox 343 1799 488 1839; x_wconf 85' lang='lat' dir='ltr'>partem</span> <span class='ocrx_word' id='word_1_242' title='bbox 511 1792 637 1826; x_wconf 59' lang='lat' dir='ltr'>Gallim</span> <span class='ocrx_word' id='word_1_243' title='bbox 658 1791 864 1838; x_wconf 61' lang='lat' dir='ltr'>Cisalpinae.</span> 
     </span>
    </p>

    <p class='ocr_par' dir='ltr' id='par_1_11' title="bbox 155 1853 1549 1962">
     <span class='ocr_line' id='line_1_27' title="bbox 214 1853 1549 1901; baseline -0.001 -14"><span class='ocrx_word' id='word_1_244' title='bbox 214 1854 523 1901; x_wconf 76' lang='lat' dir='ltr'>Quinqucmee&#39;um.</span> <span class='ocrx_word' id='word_1_245' title='bbox 544 1853 766 1889; x_wconf 86' lang='lat' dir='ltr'>Triennium</span> <span class='ocrx_word' id='word_1_246' title='bbox 788 1853 824 1888; x_wconf 87' lang='lat' dir='ltr'>in</span> <span class='ocrx_word' id='word_1_247' title='bbox 851 1854 962 1888; x_wconf 90' lang='lat' dir='ltr'>Dion.</span> <span class='ocrx_word' id='word_1_248' title='bbox 978 1882 987 1898; x_wconf 91' lang='lat'><strong><em>,</em></strong></span> <span class='ocrx_word' id='word_1_249' title='bbox 1009 1867 1147 1899; x_wconf 77' lang='lat' dir='ltr'>xxxix,</span> <span class='ocrx_word' id='word_1_250' title='bbox 1179 1855 1248 1899; x_wconf 78' lang='lat'>33;</span> <span class='ocrx_word' id='word_1_251' title='bbox 1281 1861 1413 1889; x_wconf 86' lang='lat' dir='ltr'>contra</span> <span class='ocrx_word' id='word_1_252' title='bbox 1436 1865 1549 1900; x_wconf 72' lang='lat' dir='ltr'>quem</span> 
     </span>
     <span class='ocr_line' id='line_1_28' title="bbox 155 1915 1026 1962; baseline -0.001 -12"><span class='ocrx_word' id='word_1_253' title='bbox 155 1915 322 1962; x_wconf 85' lang='lat' dir='ltr'>disputat</span> <span class='ocrx_word' id='word_1_254' title='bbox 342 1915 480 1950; x_wconf 86' lang='lat' dir='ltr'>Schutz</span> <span class='ocrx_word' id='word_1_255' title='bbox 496 1944 505 1960; x_wconf 91' lang='lat'>‚</span> <span class='ocrx_word' id='word_1_256' title='bbox 534 1915 570 1950; x_wconf 87' lang='lat' dir='ltr'>in</span> <span class='ocrx_word' id='word_1_257' title='bbox 600 1915 674 1950; x_wconf 81' lang='lat' dir='ltr'>Cic.</span> <span class='ocrx_word' id='word_1_258' title='bbox 696 1916 750 1949; x_wconf 77' lang='lat' dir='ltr'>ad</span> <span class='ocrx_word' id='word_1_259' title='bbox 771 1918 842 1950; x_wconf 79' lang='lat' dir='ltr'>An.</span> <span class='ocrx_word' id='word_1_260' title='bbox 859 1942 868 1957; x_wconf 95' lang='lat'><em>‚</em></span> <span class='ocrx_word' id='word_1_261' title='bbox 891 1928 905 1947; x_wconf 67' lang='lat' dir='ltr'>x</span> <span class='ocrx_word' id='word_1_262' title='bbox 919 1928 970 1959; x_wconf 87' lang='grc' dir='ltr'>ιι,</span> <span class='ocrx_word' id='word_1_263' title='bbox 991 1929 1026 1962; x_wconf 79' lang='lat'>9.</span> 
     </span>
    </p>

    <p class='ocr_par' dir='ltr' id='par_1_12' title="bbox 153 1976 1549 2150">
     <span class='ocr_line' id='line_1_29' title="bbox 210 1976 1549 2024; baseline -0.001 -12"><span class='ocrx_word' id='word_1_264' title='bbox 210 1977 487 2024; x_wconf 74' lang='lat' dir='ltr'>Prorogat-etur.</span> <span class='ocrx_word' id='word_1_265' title='bbox 515 1977 672 2013; x_wconf 72' lang='lat' dir='ltr'>Addunt</span> <span class='ocrx_word' id='word_1_266' title='bbox 701 1977 761 2012; x_wconf 81' lang='lat' dir='ltr'>alii</span> <span class='ocrx_word' id='word_1_267' title='bbox 792 1989 798 2010; x_wconf 93' lang='lat'>:</span> <span class='ocrx_word' id='word_1_268' title='bbox 832 1977 1019 2023; x_wconf 79' lang='lat' dir='ltr'>«perfecit</span> <span class='ocrx_word' id='word_1_269' title='bbox 1043 1983 1264 2024; x_wconf 82' lang='lat' dir='ltr'>utrumque,</span> <span class='ocrx_word' id='word_1_270' title='bbox 1283 1992 1301 2008; x_wconf 75' lang='lat' dir='ltr'><strong>n</strong></span> <span class='ocrx_word' id='word_1_271' title='bbox 1325 1989 1409 2023; x_wconf 84' lang='lat' dir='ltr'>quae</span> <span class='ocrx_word' id='word_1_272' title='bbox 1435 1976 1549 2010; x_wconf 87' lang='lat' dir='ltr'>Wolf.</span> 
     </span>
     <span class='ocr_line' id='line_1_30' title="bbox 153 2037 1549 2086; baseline -0.001 -12"><span class='ocrx_word' id='word_1_273' title='bbox 153 2046 189 2074; x_wconf 84' lang='lat' dir='ltr'>et</span> <span class='ocrx_word' id='word_1_274' title='bbox 204 2039 254 2074; x_wconf 90' lang='lat' dir='ltr'>Cl.</span> <span class='ocrx_word' id='word_1_275' title='bbox 273 2039 370 2074; x_wconf 79' lang='lat' dir='ltr'>Base</span> <span class='ocrx_word' id='word_1_276' title='bbox 391 2039 518 2086; x_wconf 79' lang='lat' dir='ltr'>spuria</span> <span class='ocrx_word' id='word_1_277' title='bbox 530 2039 753 2074; x_wconf 84' lang='lat' dir='ltr'>existimant.</span> <span class='ocrx_word' id='word_1_278' title='bbox 774 2038 985 2073; x_wconf 83' lang='lat' dir='ltr'>Casaubon.</span> <span class='ocrx_word' id='word_1_279' title='bbox 1006 2038 1041 2072; x_wconf 85' lang='lat' dir='ltr'>h.</span> <span class='ocrx_word' id='word_1_280' title='bbox 1067 2039 1088 2072; x_wconf 90' lang='lat' dir='ltr'>l.</span> <span class='ocrx_word' id='word_1_281' title='bbox 1111 2038 1162 2072; x_wconf 83' lang='lat' dir='ltr'>sic</span> <span class='ocrx_word' id='word_1_282' title='bbox 1184 2037 1358 2072; x_wconf 82' lang='lat' dir='ltr'>emendat</span> <span class='ocrx_word' id='word_1_283' title='bbox 1379 2050 1386 2071; x_wconf 91' lang='lat'>:</span> <span class='ocrx_word' id='word_1_284' title='bbox 1408 2054 1422 2069; x_wconf 88' lang='lat'>«</span> <span class='ocrx_word' id='word_1_285' title='bbox 1440 2037 1549 2073; x_wconf 86' lang='lat' dir='ltr'>fecit—</span> 
     </span>
     <span class='ocr_line' id='line_1_31' title="bbox 154 2101 1166 2150; baseline -0.002 -13"><span class='ocrx_word' id='word_1_286' title='bbox 154 2113 230 2150; x_wconf 86' lang='lat' dir='ltr'>que</span> <span class='ocrx_word' id='word_1_287' title='bbox 253 2113 324 2149; x_wconf 83' lang='lat' dir='ltr'>per</span> <span class='ocrx_word' id='word_1_288' title='bbox 346 2109 550 2149; x_wconf 86' lang='lat' dir='ltr'>utrumque</span> <span class='ocrx_word' id='word_1_289' title='bbox 576 2109 617 2137; x_wconf 91' lang='lat' dir='ltr'>ut</span> <span class='ocrx_word' id='word_1_290' title='bbox 645 2102 681 2136; x_wconf 91' lang='lat' dir='ltr'>in</span> <span class='ocrx_word' id='word_1_291' title='bbox 711 2101 1037 2149; x_wconf 82' lang='lat' dir='ltr'>quinquennium,</span> <span class='ocrx_word' id='word_1_292' title='bbox 1057 2108 1126 2136; x_wconf 87' lang='lat' dir='ltr'>etc.</span> <span class='ocrx_word' id='word_1_293' title='bbox 1152 2120 1166 2130; x_wconf 76' lang='grc' dir='ltr'>ιι</span> 
     </span>
    </p>

    <p class='ocr_par' dir='ltr' id='par_1_13' title="bbox 155 2162 1549 2275">
     <span class='ocr_line' id='line_1_32' title="bbox 208 2162 1547 2210; baseline 0 -12"><span class='ocrx_word' id='word_1_294' title='bbox 208 2164 373 2198; x_wconf 82' lang='lat' dir='ltr'>Alauda.</span> <span class='ocrx_word' id='word_1_295' title='bbox 397 2164 516 2199; x_wconf 88' lang='lat' dir='ltr'>Docet</span> <span class='ocrx_word' id='word_1_296' title='bbox 538 2163 630 2199; x_wconf 88' lang='lat' dir='ltr'>l’lin.</span> <span class='ocrx_word' id='word_1_297' title='bbox 645 2192 654 2209; x_wconf 87' lang='lat'><em>,</em></span> <span class='ocrx_word' id='word_1_298' title='bbox 673 2165 718 2200; x_wconf 88' lang='lat' dir='ltr'>H.</span> <span class='ocrx_word' id='word_1_299' title='bbox 749 2164 816 2205; x_wconf 85' lang='lat' dir='ltr'>N.,</span> <span class='ocrx_word' id='word_1_300' title='bbox 840 2176 899 2207; x_wconf 76' lang='lat' dir='ltr'>xl,</span> <span class='ocrx_word' id='word_1_301' title='bbox 926 2169 969 2206; x_wconf 54' lang='lat'>303</span> <span class='ocrx_word' id='word_1_302' title='bbox 996 2176 1003 2197; x_wconf 74' lang='grc' dir='ltr'>ι</span> <span class='ocrx_word' id='word_1_303' title='bbox 1034 2175 1177 2210; x_wconf 73' lang='lat' dir='ltr'>·parvae</span> <span class='ocrx_word' id='word_1_304' title='bbox 1203 2162 1261 2197; x_wconf 76' lang='lat' dir='ltr'>avi</span> <span class='ocrx_word' id='word_1_305' title='bbox 1283 2162 1354 2210; x_wconf 60' lang='lat' dir='ltr'>(sc.</span> <span class='ocrx_word' id='word_1_306' title='bbox 1377 2174 1472 2209; x_wconf 83' lang='lat' dir='ltr'>apex</span> <span class='ocrx_word' id='word_1_307' title='bbox 1494 2169 1547 2197; x_wconf 74' lang='lat' dir='ltr'>est</span> 
     </span>
     <span class='ocr_line' id='line_1_33' title="bbox 155 2224 1549 2275; baseline -0.001 -16"><span class='ocrx_word' id='word_1_308' title='bbox 155 2226 192 2260; x_wconf 87' lang='lat' dir='ltr'>in</span> <span class='ocrx_word' id='word_1_309' title='bbox 216 2225 370 2273; x_wconf 86' lang='lat' dir='ltr'>capite),</span> <span class='ocrx_word' id='word_1_310' title='bbox 391 2238 475 2273; x_wconf 66' lang='lat' dir='ltr'>quse</span> <span class='ocrx_word' id='word_1_311' title='bbox 493 2226 539 2260; x_wconf 90' lang='lat' dir='ltr'>de</span> <span class='ocrx_word' id='word_1_312' title='bbox 554 2226 617 2261; x_wconf 89' lang='lat' dir='ltr'>illo</span> <span class='ocrx_word' id='word_1_313' title='bbox 637 2225 790 2275; x_wconf 72' lang='lat' dir='ltr'>galerita</span> <span class='ocrx_word' id='word_1_314' title='bbox 817 2226 1002 2273; x_wconf 73' lang='lat' dir='ltr'>appellata</span> <span class='ocrx_word' id='word_1_315' title='bbox 1026 2224 1243 2272; x_wconf 83' lang='lat' dir='ltr'>quondam,</span> <span class='ocrx_word' id='word_1_316' title='bbox 1263 2232 1395 2272; x_wconf 72' lang='lat' dir='ltr'>postea</span> <span class='ocrx_word' id='word_1_317' title='bbox 1416 2224 1549 2273; x_wconf 77' lang='lat' dir='ltr'>gallico</span> 
     </span>
    </p>
   </div>
   <div class='ocr_carea' id='block_1_3' title="bbox 155 2288 1550 2389">
    <p class='ocr_par' dir='ltr' id='par_1_14' title="bbox 155 2288 1550 2389">
     <span class='ocr_line' id='line_1_34' title="bbox 155 2288 1237 2336; baseline 0 -15"><span class='ocrx_word' id='word_1_318' title='bbox 155 2288 344 2323; x_wconf 88' lang='lat' dir='ltr'>vocabulo</span> <span class='ocrx_word' id='word_1_319' title='bbox 370 2288 480 2324; x_wconf 83' lang='lat' dir='ltr'>etiam</span> <span class='ocrx_word' id='word_1_320' title='bbox 510 2289 650 2336; x_wconf 75' lang='lat' dir='ltr'>legioni</span> <span class='ocrx_word' id='word_1_321' title='bbox 677 2302 814 2324; x_wconf 72' lang='lat' dir='ltr'>nomen</span> <span class='ocrx_word' id='word_1_322' title='bbox 842 2288 999 2323; x_wconf 80' lang='lat' dir='ltr'>dederat</span> <span class='ocrx_word' id='word_1_323' title='bbox 1030 2289 1203 2323; x_wconf 65' lang='lat' dir='ltr'>Alaudae.</span> <span class='ocrx_word' id='word_1_324' title='bbox 1225 2305 1237 2316; x_wconf 84' lang='grc' dir='ltr'>ιι</span> 
     </span>
     <span class='ocr_line' id='line_1_35' title="bbox 209 2340 1550 2389; baseline -0.001 -14"><span class='ocrx_word' id='word_1_325' title='bbox 209 2341 420 2388; x_wconf 79' lang='lat' dir='ltr'>Disciplina</span> <span class='ocrx_word' id='word_1_326' title='bbox 446 2343 626 2389; x_wconf 81' lang='lat' dir='ltr'>cultuque.</span> <span class='ocrx_word' id='word_1_327' title='bbox 658 2343 958 2389; x_wconf 75' lang='lat' dir='ltr'>—-I)isr1&#39;plina‚</span> <span class='ocrx_word' id='word_1_328' title='bbox 987 2341 1148 2375; x_wconf 73' lang='lat' dir='ltr'>docente</span> <span class='ocrx_word' id='word_1_329' title='bbox 1175 2342 1289 2386; x_wconf 76' lang='lat' dir='ltr'>Hase,</span> <span class='ocrx_word' id='word_1_330' title='bbox 1314 2340 1479 2388; x_wconf 81' lang='lat' dir='ltr'>pertinet</span> <span class='ocrx_word' id='word_1_331' title='bbox 1502 2341 1550 2374; x_wconf 85' lang='lat' dir='ltr'>ad</span> 
     </span>
    </p>
   </div>
   <div class='ocr_carea' id='block_1_4' title="bbox 154 2403 1550 2695">
    <p class='ocr_par' dir='ltr' id='par_1_15' title="bbox 154 2403 1283 2451">
     <span class='ocr_line' id='line_1_36' title="bbox 154 2403 1283 2451; baseline -0.001 -13"><span class='ocrx_word' id='word_1_332' title='bbox 154 2410 272 2438; x_wconf 76' lang='lat' dir='ltr'>artem</span> <span class='ocrx_word' id='word_1_333' title='bbox 297 2416 520 2451; x_wconf 86' lang='lat' dir='ltr'>moremque</span> <span class='ocrx_word' id='word_1_334' title='bbox 548 2404 732 2446; x_wconf 71' lang='lat' dir='ltr'>militunu;</span> <span class='ocrx_word' id='word_1_335' title='bbox 758 2406 876 2438; x_wconf 63' lang='lat' dir='ltr'>vultus</span> <span class='ocrx_word' id='word_1_336' title='bbox 899 2403 946 2438; x_wconf 84' lang='lat' dir='ltr'>ad</span> <span class='ocrx_word' id='word_1_337' title='bbox 969 2415 1069 2437; x_wconf 83' lang='lat' dir='ltr'>arma</span> <span class='ocrx_word' id='word_1_338' title='bbox 1097 2410 1132 2437; x_wconf 89' lang='lat' dir='ltr'>et</span> <span class='ocrx_word' id='word_1_339' title='bbox 1153 2410 1283 2438; x_wconf 78' lang='lat' dir='ltr'>vestes.</span> 
     </span>
    </p>

    <p class='ocr_par' dir='ltr' id='par_1_16' title="bbox 154 2464 1550 2695">
     <span class='ocr_line' id='line_1_37' title="bbox 209 2464 1550 2512; baseline 0 -13"><span class='ocrx_word' id='word_1_340' title='bbox 209 2465 442 2500; x_wconf 78' lang='lat' dir='ltr'>Dede’mlum.</span> <span class='ocrx_word' id='word_1_341' title='bbox 462 2465 642 2501; x_wconf 84' lang='lat' dir='ltr'>Solebant</span> <span class='ocrx_word' id='word_1_342' title='bbox 666 2466 763 2501; x_wconf 69' lang='lat' dir='ltr'>enim</span> <span class='ocrx_word' id='word_1_343' title='bbox 789 2465 950 2500; x_wconf 72' lang='lat' dir='ltr'>Romani</span> <span class='ocrx_word' id='word_1_344' title='bbox 970 2465 1236 2511; x_wconf 70' lang='lat' dir='ltr'>imperatorem</span> <span class='ocrx_word' id='word_1_345' title='bbox 1261 2465 1365 2499; x_wconf 89' lang='lat' dir='ltr'>illum</span> <span class='ocrx_word' id='word_1_346' title='bbox 1386 2465 1453 2512; x_wconf 81' lang='lat' dir='ltr'>qui</span> <span class='ocrx_word' id='word_1_347' title='bbox 1474 2464 1550 2499; x_wconf 80' lang='lat' dir='ltr'>sine</span> 
     </span>
     <span class='ocr_line' id='line_1_38' title="bbox 154 2526 1550 2576; baseline -0.001 -14"><span class='ocrx_word' id='word_1_348' title='bbox 154 2528 484 2562; x_wconf 68' lang='lat' dir='ltr'>senatusconsulto</span> <span class='ocrx_word' id='word_1_349' title='bbox 512 2527 606 2576; x_wconf 89' lang='lat' dir='ltr'>quid</span> <span class='ocrx_word' id='word_1_350' title='bbox 647 2528 805 2571; x_wconf 77' lang='lat' dir='ltr'>fecerat,</span> <span class='ocrx_word' id='word_1_351' title='bbox 840 2527 1010 2562; x_wconf 79' lang='lat' dir='ltr'>hostibus</span> <span class='ocrx_word' id='word_1_352' title='bbox 1036 2526 1176 2561; x_wconf 73' lang='lat' dir='ltr'>dedere.</span> <span class='ocrx_word' id='word_1_353' title='bbox 1214 2526 1371 2560; x_wconf 81' lang='lat' dir='ltr'>nudum.</span> <span class='ocrx_word' id='word_1_354' title='bbox 1401 2527 1550 2562; x_wconf 84' lang='lat' dir='ltr'>Occur-</span> 
     </span>
     <span class='ocr_line' id='line_1_39' title="bbox 154 2589 1549 2637; baseline 0 -14"><span class='ocrx_word' id='word_1_355' title='bbox 154 2595 242 2624; x_wconf 89' lang='lat' dir='ltr'>runt</span> <span class='ocrx_word' id='word_1_356' title='bbox 269 2590 438 2637; x_wconf 76' lang='lat' dir='ltr'>exempla</span> <span class='ocrx_word' id='word_1_357' title='bbox 454 2590 490 2624; x_wconf 92' lang='lat' dir='ltr'>in</span> <span class='ocrx_word' id='word_1_358' title='bbox 519 2590 700 2637; x_wconf 60' lang='lat' dir='ltr'>Appiam,</span> <span class='ocrx_word' id='word_1_359' title='bbox 725 2591 764 2624; x_wconf 84' lang='lat' dir='ltr'>B.</span> <span class='ocrx_word' id='word_1_360' title='bbox 784 2591 911 2637; x_wconf 42' lang='lat' dir='ltr'>Ilissi,</span> <span class='ocrx_word' id='word_1_361' title='bbox 935 2603 969 2636; x_wconf 87' lang='lat' dir='ltr'>p.</span> <span class='ocrx_word' id='word_1_362' title='bbox 1000 2590 1084 2623; x_wconf 71' lang='lat'>302.</span> <span class='ocrx_word' id='word_1_363' title='bbox 1110 2590 1224 2629; x_wconf 59' lang='lat' dir='ltr'>Veli,</span> <span class='ocrx_word' id='word_1_364' title='bbox 1246 2601 1293 2630; x_wconf 75' lang='grc' dir='ltr'>ιι,</span> <span class='ocrx_word' id='word_1_365' title='bbox 1322 2602 1355 2631; x_wconf 80' lang='grc' dir='ltr'>ι,</span> <span class='ocrx_word' id='word_1_366' title='bbox 1380 2589 1416 2625; x_wconf 54' lang='grc' dir='ltr'>ῆι</span> <span class='ocrx_word' id='word_1_367' title='bbox 1433 2590 1549 2634; x_wconf 61' lang='lat' dir='ltr'>flor„</span> 
     </span>
     <span class='ocr_line' id='line_1_40' title="bbox 157 2650 302 2695; baseline 0.007 -11"><span class='ocrx_word' id='word_1_368' title='bbox 157 2663 185 2685; x_wconf 83' lang='grc' dir='ltr'>ιι</span> <span class='ocrx_word' id='word_1_369' title='bbox 204 2679 212 2695; x_wconf 85' lang='grc'><em>,</em></span> <span class='ocrx_word' id='word_1_370' title='bbox 242 2650 302 2686; x_wconf 82' lang='grc'>18.</span> 
     </span>
    </p>
   </div>
  </div>
 </body>
</html>
