1971 3342
408 244 432 257 Ἀ
436 241 1397 257 WUMWWWAEQUWWQWIMWWQ
1401 239 1770 254 wmmkmlm

579 481 1032 550 OCTAVIUS
1091 478 1593 591 AUGUSTUS.

403 973 437 1015 Ι.
476 934 710 1019 GENTEM
734 968 961 1012 Octaviam
991 965 1171 1011 Velitris
1200 966 1462 1025 praecipuam
1490 962 1595 1007 olim
1618 962 1774 1015 fuisse,

404 1048 540 1093 multa
565 1047 800 1092 declarant.
827 1049 941 1091 Nam
967 1056 1009 1090 et
1032 1048 1152 1089 vicus
1174 1045 1455 1089 celeberrima
1476 1054 1599 1104 parte
1625 1043 1775 1103 oppidi

398 1129 487 1188 jam
524 1127 694 1187 pridem
730 1127 939 1170 Octavius
974 1125 1214 1169 vocabatur
1246 1142 1255 1168 z
1286 1134 1330 1168 et
1360 1122 1669 1167 ostendebatur
1702 1138 1777 1165 ara

403 1207 589 1251 Octavio
612 1215 885 1260 consecrata,
913 1205 986 1264 qui
1012 1202 1127 1246 bello
1153 1203 1242 1246 dux
1266 1203 1477 1257 finitimo,
1501 1218 1637 1262 quum
1665 1201 1776 1245 forte

405 1286 538 1329 Marti
578 1302 671 1328 rem
713 1284 905 1327 divinam
947 1283 1136 1339 faceret,
1179 1283 1380 1326 nuntiata
1420 1291 1599 1342 repente
1640 1281 1775 1324 hostis

405 1365 675 1414 incursione,
703 1363 944 1407 semicruda
972 1371 1069 1405 exta
1096 1371 1219 1422 rapta
1248 1361 1344 1404 foco
1373 1362 1621 1422 prosecuit,
1646 1370 1775 1420 atque

405 1445 464 1487 ita
501 1442 703 1504 proelium
741 1444 983 1503 ingressus,
1017 1442 1155 1484 victor
1188 1440 1328 1484 rediit.
1370 1443 1606 1484 Decretum
1643 1441 1772 1484 etiam

407 1523 629 1584 publicum
653 1523 866 1578 exstabat,
890 1538 977 1581 quo
1001 1521 1252 1576 cavebatur,
1275 1530 1322 1564 ut
1350 1521 1393 1563 in
1419 1529 1642 1581 posterum
1666 1536 1774 1580 quo-

406 1620 490 1663 que
513 1601 640 1646 simili
663 1602 792 1645 modo
815 1611 912 1645 exta
935 1601 1069 1644 Marti
1093 1600 1395 1654 redderentur,
1419 1598 1696 1660 reliquiaeque
1719 1599 1773 1644 ad

407 1684 611 1727 Octavios
635 1682 912 1726 referrentur.

469 1765 522 1806 II.
561 1765 622 1806 Ea
654 1779 758 1823 gens
788 1778 811 1804 a
838 1761 1078 1821 Tarquinio
1107 1762 1253 1804 Prisco
1284 1777 1383 1821 rege
1413 1761 1527 1804 inter
1553 1763 1774 1804 Romanas

406 1852 555 1903 gentes
577 1841 729 1885 allecta
752 1840 822 1903 [in
843 1840 1104 1903 Senatum],
1124 1857 1225 1883 mox
1248 1857 1271 1883 a
1294 1842 1382 1884 Ser.
1407 1839 1553 1884 Tullio
1575 1840 1619 1883 in
1642 1841 1775 1900 patri-

405 1922 491 1964 cias
517 1921 792 1977 transducta,
820 1920 1085 1981 procedente
1109 1930 1302 1980 tempore
1326 1919 1379 1963 ad
1403 1919 1570 1980 plebem
1594 1936 1637 1963 se
1667 1936 1773 1964 con-

407 2000 526 2056 tulit,
546 2018 594 2044 ac
618 2017 767 2044 rursus
788 2017 946 2060 magno
968 1998 1196 2042 intervallo
1215 2016 1292 2058 per
1310 2001 1364 2043 D.
1387 1998 1551 2043 Julium
1574 2000 1616 2041 in
1638 2000 1774 2059 patri-

406 2081 567 2122 ciatum
581 2080 721 2122 rediit.
735 2081 906 2122 Primus
923 2096 973 2122 ex
988 2079 1068 2121 hac
1084 2079 1386 2139 magistratum
1403 2077 1554 2139 populi
1566 2079 1772 2140 suffragio

406 2160 517 2219 cepit
541 2161 590 2202 C.
617 2158 770 2202 Rufus.
795 2161 836 2201 Is
860 2159 1116 2217 quaestorius
1141 2160 1307 2202 Cneurn
1334 2168 1375 2202 et
1397 2160 1551 2202 Caium
1573 2176 1772 2220 procrea-

408 2239 467 2281 vit
487 2256 495 2280 ε
519 2255 541 2281 a
559 2238 716 2297 quibus
735 2237 893 2297 duplex
916 2239 1196 2281 Octaviorum
1218 2237 1379 2281 familia
1400 2238 1601 2295 defluxit,
1621 2239 1772 2283 condi-

407 2319 523 2361 tione
546 2317 731 2372 diversa3
756 2317 968 2376 siquidem
990 2318 1153 2372 Cneus,
1177 2327 1218 2360 ct
1240 2317 1442 2378 deinceps
1466 2319 1519 2362 ab
1542 2335 1593 2362 eo
1614 2318 1769 2379 reliqui

406 2415 573 2454 omnes,
596 2397 730 2440 suncti
755 2406 853 2439 suut
877 2396 1115 2439 honoribus
1137 2398 1330 2440 summis.
1358 2400 1416 2440 At
1439 2399 1568 2442 Caius
1591 2399 1770 2459 ejusque

406 2479 590 2536 posteri,
619 2493 693 2519 seu
723 2476 920 2532 fortuna,
952 2493 1026 2519 seu
1055 2475 1301 2531 voluntate,
1330 2477 1374 2519 in
1402 2479 1590 2537 equestri
1617 2478 1769 2521 ordine

407 2559 661 2610 constitere,
690 2573 824 2614 usque
853 2555 905 2597 ad
937 2556 1120 2614 Augusti
1152 2565 1333 2615 patrem.
1363 2558 1554 2599 Proavus
1582 2559 1766 2618 Augusti

408 2636 595 2679 secundo
624 2633 921 2693 punico'bello
947 2633 1159 2692 stipendia
1191 2636 1232 2676 in
1258 2635 1400 2678 Sicilia
1429 2636 1629 2679 tribunus
1661 2636 1767 2680 mili-
