1971 3342
386 239 453 274 126
916 238 953 272 C.
985 237 1212 273 SUETONII

384 338 534 382 quem,
565 319 794 381 cujuslibet
828 319 1011 374 ordinis,
1045 319 1266 363 custodem
1302 318 1423 362 factis
1456 327 1584 378 atque
1614 319 1738 364 dictis

387 404 489 448 suis.

448 483 569 524 XIII.
598 480 708 540 Equi
737 494 908 539 quoque
935 487 976 521 et
1002 494 1221 522 armorum
1247 477 1390 521 solitas
1415 466 1736 522 exercitationes

385 562 526 605 omisit
559 577 567 603 :
609 559 859 620 redegitque
889 574 953 611 se,
986 557 1181 618 deposito
1207 558 1346 619 patrio
1372 557 1547 613 habitu,
1573 557 1625 601 ad
1652 557 1734 618 pal·

385 640 491 685 lium
521 650 562 685 et
590 639 782 701 crepidas
811 656 819 682 :
849 648 977 699 atque
1004 639 1047 681 in
1076 637 1151 681 tali
1181 647 1291 682 statu
1326 638 1499 682 biennio
1528 638 1614 681 fere
1643 654 1733 698 per-

386 722 568 776 mansit,
596 719 853 764 contemtior
879 719 923 761 in
952 717 1061 774 dies,
1092 727 1135 761 et
1165 718 1340 762 invisior
1366 736 1375 761 :
1407 717 1536 774 adeo,
1563 727 1610 761 ut
1638 719 1742 761 ima-

388 802 506 862 gines
533 800 623 860 ejus
646 809 686 843 et
707 808 867 842 statuas
887 799 1199 842 Nemausenses
1222 798 1531 851 subverterint,
1553 815 1601 841 ac
1627 797 1744 841 fami-

387 880 482 923 liari
501 879 688 939 quodam
707 878 907 923 convivio
932 878 1148 922 mentione
1167 877 1258 938 ejus
1282 887 1397 933 orta,
1420 878 1647 933 exstiterit,
1671 879 1742 937 qui

388 960 493 1003 Caio
520 957 817 1019 polliceretur,
849 958 1121 1002 «Confestim
1149 974 1217 1013 se,
1253 958 1287 1000 si
1314 957 1510 1016 juberet,
1542 957 1743 1001 Rhodum

388 1040 717 1099 navigaturum,
746 1047 960 1098 caputque
986 1035 1144 1081 exsulis
1173 1035 1256 1095 (sic
1285 1038 1399 1079 enirn
1425 1036 1745 1097 appellabatur]

388 1117 640 1161 relaturum.
659 1138 679 1159 n
709 1118 809 1174 Quo
838 1118 1080 1178 praecipue,
1108 1133 1196 1160 non
1218 1117 1308 1176 jam
1336 1126 1474 1171 metu,
1499 1115 1573 1159 sed
1597 1116 1746 1159 discri-

389 1198 526 1254 mine,
550 1206 723 1241 coactus
748 1207 836 1253 est,
864 1206 949 1239 tam
975 1197 1082 1252 suis,
1108 1212 1237 1256 quam
1259 1196 1407 1238 matris
1427 1195 1750 1256 impensissimis

389 1278 591 1338 precibus
623 1276 811 1320 reditum
847 1274 1119 1337 expostulare
1149 1292 1157 1318 ε
1188 1276 1543 1336 impetravitque,
1577 1274 1749 1334 adjutus

392 1356 661 1416 aliquantum
687 1357 815 1399 etiam
841 1372 954 1400 casu.
979 1355 1257 1399 Destinatum
1281 1358 1475 1415 Augusto
1501 1364 1615 1409 erat,
1642 1353 1746 1397 nihil

393 1453 521 1496 super
554 1452 602 1479 ea
633 1452 696 1492 re,
725 1436 806 1478 nisi
832 1451 881 1478 ex
906 1433 1129 1477 voluntate
1154 1435 1328 1494 majoris
1355 1432 1457 1490 filii,
1485 1443 1681 1477 statuere.
1709 1436 1751 1476 Is

392 1515 504 1558 forte
532 1525 634 1558 tunc
662 1517 722 1559 M.
757 1513 898 1558 Lollio
932 1513 1156 1569 offensior,
1190 1513 1323 1557 facilis
1360 1512 1673 1572 exorabilisque
1709 1514 1752 1555 in

395 1596 597 1639 vitricum
625 1595 720 1638 fuit.
748 1595 1028 1638 Permittente
1053 1610 1156 1654 ergo
1179 1594 1305 1648 Caio,
1333 1603 1556 1638 revocatus
1581 1602 1662 1647 cst3
1688 1609 1755 1635 vc-

394 1693 493 1719 rum
521 1677 599 1720 sub
627 1675 898 1730 conditione,
926 1691 979 1718 ne
1014 1690 1143 1734 quam
1184 1683 1350 1734 partem
1384 1688 1585 1717 curamve
1613 1673 1755 1733 reipu-

398 1755 517 1800 blicae
540 1757 782 1816 attingeret.

457 1837 573 1879 XIV.
609 1835 752 1879 Rediit
787 1845 940 1879 octavo
972 1843 1069 1894 post
1098 1849 1309 1878 secessum
1334 1850 1471 1889 anno,
1500 1850 1656 1894 magna
1680 1850 1756 1877 nee

397 1916 560 1958 incerta
587 1931 660 1976 spe
684 1915 932 1958 futurorum
948 1948 960 1967 ‚
987 1931 1116 1974 quam
1142 1924 1184 1957 et
1205 1914 1383 1957 ostentis
1407 1923 1448 1956 et
1474 1913 1757 1973 praedictioni-

396 1996 476 2039 bus
509 1995 562 2038 ab
598 1995 721 2039 initio
751 1996 887 2039 aetatis
915 2004 1187 2055 conceperat.
1215 1995 1442 2053 Praegnans
1472 1994 1585 2035 enim
1611 1993 1757 2048 Livia,

397 2092 550 2134 quum,
570 2091 624 2118 an
644 2091 806 2118 marem
824 2074 993 2117 editura
1010 2082 1143 2128 esset,
1164 2073 1291 2115 variis
1309 2081 1500 2132 captaret
1519 2072 1757 2126 ominibus,

398 2170 529 2197 ovum
554 2154 778 2198 incubanti
805 2153 972 2214 gallinae
993 2153 1254 2197 subductum
1277 2169 1393 2195 nunc
1418 2168 1518 2207 sua,
1547 2168 1663 2195 nunc
1686 2153 1760 2195 mi-

399 2234 633 2276 nistrarum
665 2249 795 2277 manu
824 2250 899 2293 per
927 2234 1038 2276 vices
1063 2249 1198 2292 usque
1222 2248 1272 2275 eo
1296 2231 1423 2287 fovit,
1449 2231 1592 2291 quoad
1617 2230 1760 2291 pullus

401 2313 625 2373 insigniter
654 2314 855 2356 cristatus
886 2311 1084 2355 exclusus
1115 2321 1192 2355 est.
1224 2313 1284 2355 Ac
1313 2310 1365 2354 de
1398 2310 1561 2354 infante
1586 2311 1759 2354 Scribo·

401 2394 498 2436 nius
523 2393 851 2436 mathematicus
883 2390 1084 2452 praeclara
1114 2389 1349 2450 spopondit
1377 2407 1385 2433 z
1416 2410 1436 2431 «
1455 2391 1585 2433 etiam
1607 2404 1760 2449 regna-

401 2482 549 2515 turum
573 2472 860 2532 quandoque,
889 2471 961 2515 sed
991 2472 1081 2514 sine
1117 2471 1235 2529 regio
1265 2470 1483 2529 insigni3»
1514 2470 1657 2528 ignota
1684 2470 1763 2511 sci-

403 2551 501 2595 licet
518 2562 622 2595 tunc
643 2551 783 2596 adhuc
801 2554 1018 2595 Caesarum
1044 2557 1264 2608 potestate.
1289 2551 1345 2592 Et
1369 2549 1557 2608 ingresso
1579 2548 1763 2606 primam

403 2631 744 2690 expeditionem,
781 2643 829 2674 ae
861 2646 936 2689 per
971 2628 1270 2672 Macedoniam
1307 2627 1488 2670 ducente
1526 2627 1763 2670 exereitum
