1988 3407
729 262 1090 298 YESPASIANUS.
1571 260 1617 303 [ᾖ

222 351 385 407 fuerat,
406 350 727 412 Vespasianum
749 345 956 391 laudibus
978 345 1169 404 ferrent;
1190 362 1415 391 assensere
1440 347 1587 390 cuncti
1607 381 1617 399 ,

223 448 472 493 nomenque
490 432 583 493 ejus
610 427 779 473 vexillis
795 429 1002 473 omnibus
1021 428 1116 472 sine
1139 444 1263 472 mora
1281 428 1614 488 inscripserunt.

221 516 276 558 Et
296 523 401 558 tunc
425 511 602 574 quidem
623 526 875 571 compressa
894 526 962 554 res
987 518 1077 565 est,
1103 509 1317 552 revocatis
1339 508 1393 552 ad
1423 508 1618 552 officium

222 594 417 638 numeris
444 608 695 654 parumper.
728 593 963 645 Ceterum,
1000 588 1229 652 divulgato
1250 589 1365 633 facto
1383 623 1395 646 ,
1417 590 1620 633 Tiberius

223 673 483 731 Alexander,
513 672 740 735 praefectus
768 673 973 735 AEgypti,
1004 672 1172 733 primus
1209 671 1253 715 in
1279 670 1413 715 verba
1449 673 1621 731 Vespa-

223 757 333 800 siani
378 754 569 817 legiones
617 755 767 817 adegit
803 754 1000 800 kalendis
1032 753 1155 815 juliis
1190 771 1199 797 ε
1230 753 1306 815 qui
1346 753 1622 814 principatus

222 836 313 881 dies
343 837 387 881 in
414 847 640 899 posterum
671 837 929 882 observatus
957 847 1036 881 est.
1070 835 1283 880 Judaicus
1308 833 1468 878 deinde
1499 850 1621 878 exer-

225 919 338 963 citus
366 919 525 979 quinto
554 919 650 963 idus
673 917 806 981 julias
831 917 950 980 apud
989 919 1134 980 ipsum
1158 917 1341 978 juravit.
1369 914 1620 961 Plurimum

222 1000 378 1060 coeptis
405 999 693 1044 contulerunt
723 1001 937 1062 jactatum
967 998 1191 1060 exemplar
1226 996 1450 1060 epistolae,
1490 1014 1625 1052 verae,

220 1082 311 1125 sive
337 1080 480 1138 falsae,
508 1081 704 1126 defuncti
731 1083 925 1127 Othonis
956 1081 1011 1126 ad
1045 1081 1364 1142 Vespasianum
1382 1115 1392 1134 ‚
1428 1088 1623 1123 extrema

223 1162 518 1207 obtestatione
540 1162 753 1208 ultionem
778 1163 1055 1218 mandantis,
1079 1174 1122 1206 et
1138 1198 1149 1217 ,
1170 1173 1217 1206 ut
1245 1159 1497 1223 reipublicae
1523 1161 1627 1204 sub-

224 1244 420 1300 veniret,
463 1245 659 1306 optantis
690 1262 698 1288 :
733 1243 863 1288 simul
894 1261 1046 1288 rumor
1083 1244 1346 1305 dissipatus,
1384 1242 1625 1286 destinasse

223 1326 439 1369 victorem
460 1325 689 1370 Vitellium
710 1337 963 1388 permutare
987 1326 1174 1370 hiberna
1197 1325 1444 1387 legionum,
1474 1334 1515 1368 et
1534 1340 1630 1385 ger·

225 1407 418 1451 manicas
453 1407 695 1451 transferre
727 1409 770 1451 in
810 1409 1040 1451 Orientem
1075 1407 1129 1451 ad
1157 1408 1424 1450 securiorem
1455 1404 1627 1450 mollio-

224 1504 404 1548 remque
429 1486 633 1533 militiam
663 1506 671 1532 :
695 1499 904 1550 praeterea
934 1505 986 1532 ex
1012 1488 1269 1550 praesidibus
1294 1488 1627 1548 provinciarum

224 1569 420 1613 Licinius
439 1570 673 1614 Mucianus
686 1606 696 1625 ,
715 1580 757 1615 et
775 1586 797 1614 e
823 1570 1001 1632 regibus
1025 1567 1272 1632 Vologesus
1290 1569 1505 1622 Parthum
1529 1567 1600 1612 ille
1617 1602 1628 1624 ,

224 1649 424 1712 deposita
465 1651 709 1709 simultate,
747 1669 881 1714 quam
908 1653 949 1696 in
983 1652 1026 1696 id
1065 1662 1236 1713 tempus
1263 1667 1316 1695 ex
1345 1649 1629 1695 aemulatione

225 1748 318 1776 non
346 1732 533 1778 obscure
555 1734 754 1796 gerebat,
785 1736 1004 1796 syriacum
1035 1735 1237 1796 promisit
1266 1733 1535 1789 exercitum3
1559 1731 1630 1776 hic

227 1812 519 1876 quadraginta
549 1814 686 1859 millia
711 1816 1055 1878 sagittariorum.

293 1896 395 1939 VII.
438 1897 655 1957 Suscepto
687 1897 820 1958 igitur
855 1896 971 1941 civili
997 1896 1145 1953 bello,
1176 1914 1225 1942 ac
1254 1897 1440 1941 ducibus
1471 1897 1630 1958 copiis-

225 1993 312 2037 que
335 1977 374 2020 iu
401 1975 571 2020 Italiam
602 1978 858 2039 praemissis‚
883 1979 1059 2022 interim
1088 1977 1401 2022 Alexandriam
1429 1978 1630 2030 transiit,

228 2067 276 2102 ut
301 2057 492 2103 claustra
521 2060 696 2120 AEgypti
724 2059 958 2103 obtineret.
986 2061 1067 2103 Hic
1089 2077 1225 2120 quum
1253 2058 1306 2102 de
1326 2058 1530 2102 firmitate
1555 2044 1641 2101 im-e

230 2140 337 2201 perii
376 2150 587 2202 capturus
623 2143 895 2202 auspicium,
933 2140 1071 2186 aedem
1110 2141 1361 2202 Serapidis,
1399 2142 1631 2185 summotis

229 2221 463 2276 omuibus,
498 2221 615 2266 solus
649 2224 876 2278 intrasset,
914 2239 989 2277 ac,
1032 2224 1274 2284 propitiato
1301 2221 1488 2266 multum
1522 2221 1632 2276 ch,

230 2301 406 2346 tandein
440 2320 484 2347 se
513 2305 829 2358 convertisset,
858 2305 1069 2348 verbenas
1095 2321 1370 2365 coronasque
1397 2314 1437 2347 et
1476 2302 1632 2364 panifi-

231 2384 295 2426 cia
315 2418 326 2439 ,
349 2393 395 2427 ut
428 2382 516 2428 illic
544 2384 727 2436 assolet,
755 2384 968 2429 Basilides
1001 2384 1184 2429 libertus
1211 2385 1423 2429 obtulisse
1445 2386 1480 2428 ei
1514 2385 1631 2427 visus

229 2474 295 2508 est
317 2481 325 2507 ε
351 2481 481 2525 quem
503 2482 645 2526 neque
669 2466 913 2510 admissum
941 2484 964 2510 a
993 2483 1217 2527 quoquam
1238 2501 1247 2519 ,
1273 2477 1315 2510 ‹·t
1342 2469 1429 2527 jam
1459 2466 1629 2527 pridem

233 2556 416 2607 propter
457 2563 693 2591 nervorum
735 2547 1029 2592 valetudinem
1063 2549 1133 2591 vix
1174 2547 1368 2609 ingredi,
1413 2546 1632 2607 longeque

233 2626 409 2680 abesse,
453 2629 698 2672 constabat.
745 2633 805 2673 Ac
849 2631 996 2673 statim
1033 2629 1252 2672 advenere
1298 2627 1475 2679 lium-ae,
1520 2627 1633 2670 susas

235 2707 351 2769 apud
380 2711 643 2753 Cremonam
683 2709 848 2754 Vitellii
876 2712 1052 2772 copias,
1081 2712 1221 2771 ipsum
1260 2712 1302 2753 iu
1339 2710 1460 2754 Urbi:
1499 2711 1634 2753 iuter-
