1971 3342
468 271 540 294 220
1002 256 1039 290 C.
1069 254 1298 290 SUETONII

466 344 582 385 mine
606 341 754 384 teneri.
781 339 981 383 Viatores
1008 354 1062 380 ne
1084 354 1160 397 per
1184 336 1317 381 Italiae
1336 335 1517 396 oppida,
1548 336 1628 380 nisi
1655 346 1730 380 aut
1756 354 1828 397 pe-

468 423 613 475 dibus,
647 430 721 465 aut
749 418 876 474 sella,
908 428 983 462 aut
1011 417 1161 462 lectica
1190 418 1445 471 transirent,
1479 417 1649 460 monuit
1675 417 1829 461 edicto.

471 500 667 545 Puteolis
693 510 736 543 et
759 500 893 543 Ostiae
918 497 1109 558 singulas
1137 498 1336 541 cohortes
1365 495 1421 541 ad
1449 495 1659 540 arcendos
1687 496 1832 540 incen-

481 582 652 625 diorum
675 596 797 624 casus
821 577 1060 622 collocavit.
1083 579 1325 640 Peregrinae
1351 576 1612 621 conditionis
1636 577 1835 621 homines

476 662 613 705 vetuit
654 675 865 720 usurpare
911 674 1090 702 romana
1124 659 1324 712 nomina,
1360 657 1571 701 duntaxat
1602 656 1834 718 gentilicia.

475 742 708 785 Civitatem
733 755 964 783 romanam
993 748 1251 799 usurpantes
1276 739 1320 781 in
1337 754 1492 799 eampo
1518 736 1747 797 Esquilino
1774 755 1836 781 se-

478 822 570 865 curi
610 820 834 882 percussit.
881 819 1133 863 Provincias
1173 818 1379 862 Achaiam
1420 828 1463 862 et
1508 817 1839 874 Macedoniam,

479 919 587 962 quas
605 900 806 945 Tiberius
826 899 881 943 ad
901 915 1049 944 curam
1070 915 1192 942 suam
1220 898 1497 942 transtulerat
1515 932 1526 953 ,
1551 899 1717 942 senatui
1744 898 1841 942 red-

476 982 599 1025 didit.
631 981 795 1042 Lyeiis,
819 980 874 1024 ob
900 977 1140 1023 exitiabiles
1166 979 1278 1022 inter
1307 995 1350 1021 se
1378 978 1641 1035 discordias,
1669 977 1843 1022 liberta-

480 1072 566 1105 tem
591 1061 775 1105 ademit:
806 1058 1010 1115 Rhodiis,
1037 1058 1092 1102 ob
1115 1059 1414 1118 poenitentiam
1441 1067 1636 1101 veterum
1665 1057 1843 1101 delicto-

480 1159 596 1196 rum,
622 1140 821 1185 reddidit.
844 1139 1102 1193 Iliensibus,
1128 1139 1251 1198 quasi
1281 1154 1468 1181 romanae
1491 1139 1631 1199 gentis
1659 1139 1847 1181 auctori-

480 1223 560 1266 bus
577 1256 588 1278 ,
635 1221 797 1264 tributa
844 1220 887 1262 in
934 1229 1194 1280 perpetuum
1242 1219 1434 1273 remisit3
1477 1218 1657 1261 recitata
1702 1227 1847 1261 vetere

480 1301 661 1363 epistola
683 1317 823 1362 graeca
849 1309 1022 1344 senatus
1056 1298 1292 1360 populique
1324 1299 1514 1353 romani,
1544 1297 1726 1342 Seleuco
1757 1299 1848 1359 regi

483 1382 718 1426 amicitiam
745 1391 786 1424 et
815 1381 1066 1424 societatem
1090 1379 1148 1422 ita
1177 1378 1351 1422 denium
1378 1378 1646 1439 pollicentis,
1679 1379 1713 1422 si
1743 1395 1846 1422 con-

483 1463 741 1522 sanguineos
762 1477 862 1504 suos
883 1459 1058 1504 Ilienses
1082 1459 1134 1503 ab
1158 1460 1277 1502 omni
1301 1475 1432 1502 onere
1452 1460 1663 1502 immunes
1685 1459 1847 1518 praesti-

485 1544 616 1586 tisset.
641 1541 834 1596 Judaeos,
862 1538 1100 1600 impulsore
1114 1540 1298 1583 Chresto
1323 1538 1493 1582 assidue
1513 1537 1850 1591 tumultuantes,

486 1626 625 1666 Roma
645 1620 823 1682 expulit.
853 1622 1174 1663 Germanorum
1206 1619 1356 1680 legatis
1388 1620 1431 1661 in
1455 1619 1677 1662 orchestra
1703 1617 1852 1662 sedere

487 1702 703 1763 permisit,
732 1699 1006 1760 simplicitate
1030 1716 1181 1743 eorum
1213 1709 1255 1742 et
1283 1698 1437 1742 fiducia
1460 1707 1631 1753 motus,
1664 1697 1783 1757 quod
1810 1698 1853 1740 in

490 1780 719 1843 popularia
755 1780 952 1835 deducti,
991 1796 1127 1839 quum
1161 1778 1568 1822 animadvertissent
1602 1778 1785 1821 Parthos
1815 1787 1854 1819 et

490 1862 716 1906 Armenios
762 1860 958 1904 sedentes
996 1860 1039 1902 in
1079 1868 1256 1912 senatu,
1297 1857 1352 1901 ad
1390 1856 1537 1901 eadem
1573 1856 1666 1901 loca
1704 1866 1857 1916 sponte

490 1943 769 1996 transierant,
795 1938 934 1983 nihilo
954 1938 1213 1982 deteriorem
1235 1924 1442 1981 virtutem
1464 1946 1538 1980 aut
1555 1935 1852 1979 conditionem

489 2040 609 2066 suam
637 2020 934 2083 praedicantes.
965 2019 1234 2063 Druidarum
1262 2016 1515 2078 religionem
1545 2016 1661 2076 apud
1683 2014 1857 2071 Gallos,

491 2103 596 2145 dirae
625 2100 932 2154 immanitatis,
962 2108 1002 2141 ct
1025 2107 1191 2141 tantuin
1222 2097 1388 2140 civibus
1411 2097 1491 2140 sub
1506 2099 1703 2157 Augusto
1724 2096 1857 2138 inter-

491 2181 651 2224 dictam
669 2216 679 2234 ,
705 2180 877 2240 penitus
901 2177 1104 2222 abolevit.
1136 2181 1300 2221 Contra
1331 2193 1452 2220 sacra
1478 2174 1703 2219 Eleusinia
1727 2174 1856 2218 etiam

492 2260 726 2305 transferre
755 2278 806 2304 ex
833 2260 976 2304 Attica
1009 2261 1192 2302 Romam
1222 2266 1403 2301 conatus
1433 2266 1521 2312 cst3
1558 2254 1857 2315 templumque

494 2343 537 2384 in
573 2340 717 2385 Sicilia
747 2340 930 2384 Veneris
959 2338 1177 2399 Erycinae,
1207 2345 1420 2380 vetustate
1447 2334 1712 2395 collapsum,
1738 2343 1785 2376 ut
1810 2348 1861 2375 cx

494 2422 646 2465 {erario
669 2419 817 2481 populi
844 2420 1012 2463 romani
1036 2418 1302 2472 reficeretur,
1324 2424 1476 2460 auctor
1497 2414 1592 2459 fuit.
1612 2416 1724 2459 Cum
1748 2412 1859 2472 regi-

496 2503 573 2545 bus
599 2501 737 2544 foedus
764 2502 805 2543 in
829 2502 943 2543 Foro
968 2499 1061 2553 icit,
1088 2514 1218 2557 porca
1249 2513 1377 2551 caesa,
1395 2513 1444 2539 ac
1467 2504 1609 2539 vetere
1629 2491 1859 2538 Fecialiuin

498 2581 746 2640 praefatione
778 2580 983 2624 adhibita.
1023 2577 1105 2622 Sed
1140 2587 1177 2619 ct
1219 2577 1330 2633 haec,
1358 2587 1400 2619 ct
1430 2585 1593 2631 cetera,
1632 2581 1858 2631 totumque

499 2661 603 2703 adro
629 2678 676 2702 cx
708 2670 827 2719 part(ยน
859 2675 1013 2719 inagna
1045 2658 1355 2717 principatum,
1381 2673 1464 2698 non
1493 2665 1577 2698 lain
1603 2669 1706 2707 suu,
1733 2668 1860 2711 quani
