1988 3439
803 266 947 301 NERO.
1479 263 1551 310 αἷς)

190 359 381 392 mentum
415 362 684 395 menstruum
721 349 972 408 gratuitum.
1003 350 1057 391 Et
1087 364 1220 407 quum
1256 348 1309 389 ‹lc
1338 345 1549 408 supplicio

188 428 411 488 cujusdam
434 432 572 492 capite
595 429 814 482 damnati,
840 437 887 470 ut
912 444 960 471 ex
995 444 1115 471 more
1137 427 1426 471 subscriberet
1442 461 1454 484 ‚
1475 427 1551 470 ad-

190 519 439 553 moneretur
457 527 467 553 :
489 529 510 550 α
524 511 669 567 Quam
687 506 839 552 vellem
853 542 863 562 ‚
877 527 898 548 n
919 507 1084 568 inquit,
1106 526 1128 547 «
1147 506 1310 550 nescire
1331 505 1516 551 litteras!
1535 527 1553 546 »

187 590 353 632 Omnes
389 588 540 632 ordine
577 587 761 632 subinde
790 604 838 632 ac
867 589 1115 632 memoriter
1147 585 1366 631 salutavit.
1396 589 1551 648 Agenti

190 669 355 712 senatui
383 669 540 730 gratias
560 667 787 729 respondit
813 684 822 712 :
849 687 870 709 ε(
889 669 1038 725 Quum
1062 683 1275 712 meruero.
1297 685 1318 708 »
1345 666 1410 711 Ad
1437 683 1554 711 cam-

190 758 352 807 pestres
375 749 703 793 exercitationes
731 765 829 792 suas
848 748 1020 792 admisit
1045 757 1087 792 et
1107 746 1276 808 plebem
1309 764 1318 790 :
1347 745 1555 790 declama-

188 828 335 888 vitque
357 829 512 890 saepius
535 827 706 889 publice
731 846 741 872 :
764 829 964 873 recitavit
997 839 1041 872 et
1066 829 1258 872 carmina
1274 863 1285 877 ,
1308 844 1397 871 non
1424 826 1555 870 modo

187 906 331 964 domi,
358 907 432 952 sed
459 909 503 952 in
530 908 727 966 theatro,
754 918 872 953 tanta
895 909 1195 952 universorum
1224 906 1399 964 laetitia,
1426 916 1476 950 ut
1499 908 1555 950 ob

188 988 480 1032 recitationem
510 988 770 1050 supplicatio
796 989 966 1033 decreta
996 990 1078 1044 sit,
1105 1004 1240 1048 eaque
1269 1004 1368 1049 pars
1397 989 1555 1031 carmi-

188 1083 291 1111 num
315 1070 456 1113 aureis
481 1069 635 1114 litteris
658 1070 753 1114 Jovi
776 1068 1024 1131 Capitolino
1047 1069 1202 1113 dicata.

250 1151 329 1193 XI.
364 1149 723 1210 Spectaculorum
756 1149 943 1211 plurima
978 1159 1019 1194 et
1050 1150 1170 1193 varia
1201 1165 1359 1210 genera
1385 1147 1518 1192 edidit
1545 1164 1554 1191 :

189 1228 442 1285 Juvenales‚
471 1231 702 1287 circenses,
736 1231 928 1274 scenicos
955 1229 1100 1285 ludos,
1127 1228 1431 1290 gladiatorium
1465 1245 1557 1272 mu-

192 1325 286 1352 nus.
303 1309 584 1354 Juvenalihus
613 1328 733 1355 senes
755 1327 928 1371 quoque
948 1308 1195 1354 consulares
1210 1345 1220 1364 ‚
1249 1325 1442 1369 anusque
1463 1325 1555 1352 ma-

190 1398 336 1433 tronas
360 1391 523 1451 recepit
546 1390 598 1434 ad
627 1390 782 1435 lusum.
804 1391 1083 1435 Circensibus
1112 1388 1203 1433 loca
1227 1390 1361 1449 equiti
1392 1398 1557 1433 secreta

187 1486 212 1513 a
235 1469 392 1513 ceteris
421 1470 572 1514 tribuit
591 1486 600 1513 1
620 1470 923 1530 commisitque
946 1471 1075 1513 etiam
1099 1467 1364 1513 camelorum
1384 1467 1557 1528 quadri-

187 1565 276 1610 gas.
296 1548 458 1605 Ludis,
485 1566 593 1611 quos
621 1567 700 1611 pro
723 1551 962 1594 {eternitate
978 1549 1146 1610 imperii
1170 1557 1390 1609 susceptos
1408 1546 1557 1608 appel-

187 1627 263 1674 lari
285 1632 517 1675 Maxt'mos
543 1630 707 1686 voluit,
735 1648 786 1675 ex
807 1641 992 1691 utroque
1012 1630 1165 1674 ordine
1181 1639 1223 1674 et
1239 1645 1341 1673 sexu
1361 1628 1557 1690 plerique

186 1708 374 1754 ludicras
403 1722 547 1772 partes
573 1712 886 1756 sustinuerunt.
912 1711 1173 1755 Notissimus
1196 1726 1326 1771 eques
1353 1726 1556 1754 romanus

186 1788 417 1851 elephanto
448 1791 731 1852 supersedens
764 1808 840 1853 per
875 1791 1173 1836 catadromum
1201 1790 1460 1835 decucurrit.
1486 1792 1556 1834 In-

186 1870 316 1915 ducta
338 1881 402 1915 est
420 1881 463 1915 et
490 1872 655 1916 Afranii
682 1882 851 1933 togata,
875 1889 970 1933 quae
996 1871 1252 1917 Incendium
1282 1871 1555 1927 inscribitur3

186 1966 553 2011 concessumque,
582 1962 630 1995 ut
655 1953 808 1996 scenici
840 1952 1030 1996 ardentis
1065 1952 1219 1995 domus
1243 1949 1554 2012 supellectilem

187 2029 452 2091 diriperent,
478 2047 528 2075 ac
560 2031 640 2075 sibi
676 2032 899 2076 haberent.
928 2034 1084 2093 Sparsa
1113 2041 1156 2075 et
1184 2030 1348 2092 populo
1381 2029 1555 2074 missilia

187 2111 383 2154 omnium
414 2128 562 2155 rerum
590 2129 667 2173 per
688 2129 839 2157 omnes
864 2111 953 2156 dies
982 2129 991 2156 ε
1020 2111 1190 2173 singula
1209 2110 1402 2172 quotidie
1422 2110 1556 2155 millia

187 2191 333 2234 avium
367 2192 578 2252 cujusque
605 2194 802 2253 generis,
829 2191 1056 2253 multiplex
1084 2209 1240 2253 penus,
1269 2202 1434 2236 tesserae
1467 2190 1556 2235 sru-

190 2271 440 2325 mentariae,
472 2271 629 2323 vestis,
661 2288 813 2315 aurum
831 2305 842 2324 ‚
869 2282 1125 2332 argentum,
1154 2288 1357 2332 gemmae,
1383 2288 1554 2332 marga-

187 2352 304 2407 ritae‚
341 2350 496 2395 tabulae
531 2353 682 2412 pictze,
721 2352 961 2412 mancipia,
994 2352 1217 2411 jumenta,
1259 2361 1389 2412 atque
1423 2352 1551 2394 etiam

188 2441 419 2476 mansuetae
445 2432 563 2484 ferae3
589 2432 819 2475 novissime
844 2448 971 2475 naves
989 2466 999 2485 ‚
1027 2430 1195 2483 insulse,
1223 2432 1329 2493 agri.

252 2514 352 2556 ΧΠ.
373 2515 461 2556 llos
485 2511 607 2556 ludos
625 2513 835 2573 spectavit
858 2528 880 2554 e
907 2512 1118 2572 proscenii
1147 2511 1328 2572 fastigio.
1346 2513 1553 2567 Munere,

187 2593 304 2653 quod
331 2594 373 2637 in
396 2592 718 2653 amphitheatro
746 2592 889 2655 ligneo
907 2629 917 2647 ‚
942 2593 1116 2654 regione
1139 2593 1287 2636 Martii
1325 2592 1464 2652 campi
1496 2592 1554 2635 in-

190 2683 255 2717 tra
275 2674 376 2718 anni
405 2674 590 2734 spatium
618 2673 851 2728 fabricato,
877 2672 993 2717 (ledit
1010 2708 1019 2722 ,
1046 2673 1262 2716 neminem
1289 2671 1471 2726 occidit,
1501 2688 1554 2715 ne
