1971 3342
399 221 446 265 64
932 227 971 262 C.
1003 226 1229 264 SUETONII

398 305 678 351 emeritorum
698 307 975 368 praemiorum
1000 313 1308 357 exauctoravit.
1336 313 1572 370 Cohortes,
1599 315 1631 357 si
1662 330 1756 374 quae

397 387 618 430 cessissent
640 386 755 445 loco,
779 389 1010 434 decimatas
1033 391 1197 436 hordeo
1219 393 1351 454 pavit.
1367 394 1655 439 Centuriones
1675 403 1758 437 sta-

399 466 513 510 tione
537 466 704 512 deserta
738 469 910 526 itidem,
936 480 984 514 ut
1015 471 1330 532 manipulares,
1353 472 1527 535 capitali
1558 472 1753 517 animad-

396 546 591 591 versione
632 549 774 609 puniit
800 565 810 592 z
839 565 922 610 pro
959 560 1102 594 cetero
1142 551 1399 597 delictorum
1435 569 1591 614 genere
1627 552 1757 595 variis

396 627 643 686 ignominiis
667 628 834 683 affecit3
857 638 906 672 ut
932 639 1046 673 stare
1067 646 1144 691 per
1168 641 1311 675 totum
1335 632 1447 676 diem
1466 633 1638 693 juberet
1660 641 1761 675 ante

395 708 671 767 praetorium,
696 707 913 752 interdum
941 710 1157 754 tunicatos
1182 710 1527 772 discinctosque‚
1551 728 1758 756 nonnun-

394 802 524 846 quam
560 804 660 831 cum
692 787 988 849 decempedis,
1017 788 1077 833 vel
1114 791 1243 834 etiam
1276 792 1480 852 cespitem
1517 800 1757 852 portantes.

456 869 594 912 XXV.
623 868 774 928 Neque
798 878 896 929 post
923 867 1036 913 bella
1068 868 1211 914 civilia
1241 880 1318 914 aut
1355 871 1399 914 in
1429 871 1658 926 concione,
1683 880 1759 914 aut

393 964 469 1008 per
505 948 717 1005 edictum,
757 947 869 993 ullos
906 948 1093 993 militum
1141 951 1461 995 commilitones
1491 949 1758 1012 appellabat,

392 1028 465 1071 sed
489 1028 681 1072 milites:
711 1045 760 1073 ac
792 1046 847 1073 ne
875 1045 899 1073 a
930 1028 1028 1073 filiis
1055 1029 1255 1090 quidem,
1292 1040 1367 1074 aut
1404 1031 1615 1091 privignis
1644 1030 1759 1084 suis,

393 1108 574 1167 imperio
600 1107 790 1168 praeditis
806 1143 818 1166 ,
847 1107 972 1152 aliter
992 1108 1201 1169 appellari
1219 1126 1370 1169 passus
1388 1119 1471 1165 est3
1491 1109 1760 1153 ambitiosius

392 1187 436 1230 id
459 1188 734 1243 existimans,
763 1203 894 1248 quam
917 1197 993 1231 aut
1015 1188 1128 1232 ratio
1153 1187 1370 1244 militaris,
1397 1198 1474 1232 aut
1511 1198 1759 1249 temporum

392 1268 512 1327 quies
533 1302 543 1323 ,
572 1281 648 1311 aut
672 1283 750 1311 sua
774 1266 1016 1327 domusque
1044 1284 1131 1312 suae
1156 1268 1358 1328 majestas
1390 1266 1643 1329 postularet.
1684 1267 1759 1312 Li-

390 1347 562 1391 bertino
592 1346 748 1404 milite,
777 1356 1068 1406 praeterquam
1103 1350 1251 1391 Romae
1283 1347 1584 1391 incendiorum
1609 1363 1758 1402 causa,

391 1436 433 1470 et
456 1428 489 1470 si
516 1425 731 1470 tumultus
756 1427 800 1469 in
823 1427 1022 1488 graviore
1049 1442 1223 1470 annona
1250 1436 1536 1485 metueretur,
1559 1426 1624 1470 bis
1652 1443 1755 1470 usus

391 1516 456 1551 est
484 1523 493 1549 :
516 1505 644 1550 semel
668 1505 722 1549 ad
746 1506 995 1567 praesidium
1022 1506 1294 1551 coloniarum
1324 1506 1547 1568 Illyricum
1584 1507 1756 1551 contin-

393 1587 609 1648 gentium3
637 1587 795 1630 iterum
821 1586 876 1630 ad
899 1585 1082 1630 tutelam
1107 1587 1210 1647 ripae
1241 1587 1386 1631 Rheni
1414 1586 1634 1631 fluminis:
1660 1602 1755 1630 eos-

390 1685 473 1729 que
498 1684 642 1712 servos
667 1667 810 1711 adhuc
826 1668 930 1711 viris
955 1667 1212 1728 feminisque
1231 1668 1604 1728 pecuniosioribus
1624 1667 1756 1710 indic-

390 1758 475 1805 tos,
506 1764 555 1792 ac
593 1749 684 1791 sine
720 1764 842 1791 mora
869 1748 1179 1805 manumissos,
1215 1748 1295 1792 sub
1319 1749 1463 1808 priore
1495 1747 1651 1792 vexillo
1678 1747 1757 1792 ha-

387 1829 509 1883 buit,
534 1844 674 1887 neque
709 1838 784 1872 aut
817 1828 1073 1871 commixtos
1111 1844 1211 1871 cum
1241 1828 1465 1889 ingenuis,
1493 1837 1570 1871 aut
1605 1826 1756 1871 eodem

387 1909 517 1952 modo
542 1917 745 1953 armatos.
774 1911 901 1952 Dona
934 1906 1161 1964 militaria,
1198 1906 1422 1967 aliquanto
1455 1907 1622 1951 facilius
1649 1907 1756 1967 pha-

388 1988 498 2033 leras
531 1999 572 2033 et
603 1999 801 2050 torques,
837 1988 1052 2049 quidquid
1081 2004 1188 2030 auro
1222 1997 1489 2048 argentoque
1514 1996 1754 2041 constaret,

387 2086 517 2128 quam
548 2069 729 2112 vallares
755 2085 804 2111 ac
831 2066 1018 2111 murales
1048 2083 1252 2123 coronas,
1272 2083 1365 2127 quae
1388 2067 1552 2110 honore
1576 2065 1755 2127 praecel-

387 2146 549 2201 lerent,
570 2148 698 2191 dabat
726 2165 735 2190 ε
764 2148 840 2191 has
867 2163 996 2207 quam
1026 2146 1299 2207 parcissime,
1319 2157 1363 2190 et
1385 2148 1477 2190 sine
1500 2146 1752 2203 ambitione,

386 2245 435 2271 ae
459 2244 568 2288 saepc
592 2228 721 2270 ctiam
747 2226 963 2288 caligatis,
986 2226 1151 2269 tribuit.
1180 2228 1241 2269 M.
1272 2227 1511 2287 Agrippam
1535 2226 1579 2269 in
1605 2224 1753 2270 Sicilia

386 2318 483 2369 post
509 2307 704 2351 navalem
735 2309 963 2351 victoriam
998 2306 1182 2350 caeruleo
1217 2305 1374 2350 vexillo
1410 2305 1602 2350 donavit.
1629 2305 1751 2350 Solos

384 2387 692 2449 triumphales,
734 2403 1000 2447 quamquam
1044 2397 1087 2430 et
1126 2387 1264 2430 socios
1317 2387 1666 2446 expeditionum,
1709 2395 1752 2429 et

386 2469 614 2529 participes
644 2468 927 2511 victoriarum
951 2483 1127 2511 suarum
1144 2501 1156 2522 ,
1181 2482 1406 2526 nunquam
1434 2466 1558 2510 donis
1590 2467 1750 2526 imper-

385 2548 553 2591 tiendos
586 2549 775 2608 putavit3
806 2548 924 2608 quod
959 2548 1039 2607 ipsi
1080 2562 1253 2605 quoque
1277 2546 1349 2606 jus
1388 2546 1637 2590 habuissent
1669 2546 1747 2588 tri-

385 2627 546 2670 buendi
569 2644 645 2684 ca,
673 2628 829 2688 quibus
852 2625 1024 2670 vellent.
1052 2624 1171 2670 Nihil
1211 2636 1355 2670 autem
1396 2626 1538 2670 minus
1572 2625 1613 2668 in
1646 2642 1745 2685 per-
