1988 3407
735 242 1068 278 DOMITIANUS.
1553 243 1601 290 (59

209 327 276 371 his
305 326 471 388 aliquot
509 325 783 382 consulares,
820 326 1044 370 interemit
1076 342 1085 368 :
1119 341 1171 368 ex
1209 326 1371 385 quibus
1400 327 1601 371 Civicum

208 407 424 453 Cerialem
455 409 498 452 in
527 409 620 469 ipso
647 408 756 451 Asiae
785 405 1128 467 proconsulatu3
1156 405 1455 450 Salvidienum
1484 407 1603 451 Orfi-

210 499 332 546 tum,
367 488 559 534 Acilium
597 486 884 533 Glabrionem
919 488 962 530 in
1004 485 1186 541 exsilio,
1216 487 1340 547 quasi
1377 486 1603 531 molitores

208 586 423 614 novarum
449 585 597 613 rerum
621 586 629 611 :
659 577 829 612 ceteros
855 566 1076 612 levissima
1103 584 1323 628 quemque
1351 567 1404 611 de
1431 584 1562 612 causa
1594 585 1602 611 :

207 650 369 695 AElium
393 652 589 695 Lamiam
605 685 615 705 ,
643 650 699 693 ob
721 650 984 710 suspiciosos
1010 649 1188 710 quidem
1204 685 1215 705 ,
1240 666 1392 694 verum
1419 659 1463 693 et
1488 659 1605 693 vete-

209 748 279 776 res
305 742 347 776 et
373 732 575 775 innoxios
594 731 748 792 jocos3
775 729 894 790 quod
918 740 1016 791 post
1042 730 1280 775 abductam
1306 747 1486 774 uxorem
1509 728 1603 774 lau·

207 812 328 857 danti
359 829 510 857 vocem
534 828 657 856 suam
685 808 867 857 εὐτακτῶ
897 812 1090 868 ‹licerat3
1112 811 1323 872 quodque
1348 812 1470 868 Tito,
1502 811 1604 855 hor·

206 894 316 938 tanti
351 909 395 937 se
418 892 473 937 ad
498 892 687 937 alterum
715 893 1072 948 matrimonium,
1099 892 1414 954 responderat,
1446 892 1511 950 μὴ
1533 898 1601 936 καὶ

204 972 256 1020 σὺ
280 972 481 1033 γαμῆσαι
510 971 665 1031 Θέλειςς
691 972 887 1018 Salvium
914 974 1208 1018 Cocceianum
1225 1010 1236 1028 ,
1264 974 1383 1034 quod
1411 974 1604 1018 Othonis

205 1056 513 1118 imperatoris,
549 1057 696 1117 patrui
739 1057 831 1112 sui,
872 1055 989 1100 diem
1033 1054 1224 1099 natalem
1256 1055 1552 1100 celebraverat
1593 1071 1603 1097 t

206 1137 395 1181 Metium
429 1137 801 1198 Pomposianum‚
827 1137 947 1197 quod
982 1137 1145 1180 habere
1168 1137 1496 1197 imperatoriam
1526 1152 1603 1198 ge-

208 1218 330 1261 nesin
373 1216 508 1280 vulgo
553 1218 794 1274 ferebatur,
831 1228 875 1262 et
903 1217 1020 1278 quod
1046 1218 1270 1279 depictum
1300 1217 1452 1261 orbem
1480 1227 1606 1261 terrae

206 1299 249 1341 in
286 1298 567 1353 membrana,
607 1299 934 1359 concionesque
964 1315 1120 1360 regum
1150 1315 1199 1342 ac
1233 1298 1395 1342 ducum
1425 1315 1477 1342 ex
1501 1299 1604 1342 Tito

207 1379 335 1423 Livio
360 1379 687 1435 circumferret,
716 1379 923 1440 quoque
950 1381 1084 1423 servis
1114 1381 1291 1423 nomina
1326 1381 1532 1441 Magonis
1564 1390 1606 1422 et

206 1457 436 1504 Annibalis
474 1459 705 1504 indidisset
739 1477 748 1504 :
781 1459 1037 1504 Sallustium
1072 1459 1339 1515 Lucullum,
1367 1461 1605 1504 Britanniae

204 1539 397 1602 legatum
414 1576 424 1595 ‚
449 1541 568 1602 quod
596 1540 766 1586 lanceas
796 1558 920 1585 novae
946 1541 1098 1585 formae
1123 1541 1334 1602 appellari
1365 1541 1605 1586 Luculleas

204 1638 359 1682 passus
385 1631 498 1666 esset
523 1639 532 1665 ε
565 1623 746 1667 Junium
774 1624 1031 1679 Rusticum,
1055 1622 1174 1683 quod
1200 1623 1306 1666 Paeti
1333 1624 1537 1667 Thraseae
1564 1633 1604 1667 et

205 1701 394 1747 Helvidii
417 1704 553 1747 Prisci
576 1702 728 1748 laudes
749 1703 978 1754 edidisset,
1002 1703 1353 1766 appellassetque
1375 1721 1448 1748 eos
1473 1723 1493 1744 «
1509 1721 1605 1748 san-

203 1784 419 1828 ctissimos
449 1784 591 1834 viros;
618 1804 638 1825 »
669 1785 792 1845 cujus
819 1787 1016 1829 criminis
1054 1785 1283 1829 occasione
1313 1784 1602 1847 philosophos

204 1880 356 1908 omnes
389 1864 510 1909 Urbe
545 1864 760 1925 Italiaque
788 1866 1041 1910 summovit.
1082 1865 1257 1910 Occidit
1282 1876 1323 1909 et
1350 1865 1602 1910 Helvidium

206 1944 368 2002 fllium,
391 1947 513 2006 quasi
536 1946 709 1991 scenico
731 1947 886 1990 exodio
909 1947 990 1990 sub
1006 1963 1195 2008 persona
1211 1946 1380 1990 Paridis
1395 1957 1437 1990 et
1455 1949 1605 1991 OEno-

206 2042 281 2070 nes
309 2025 549 2071 divortium
578 2044 707 2071 suum
740 2045 841 2072 cum
869 2044 1006 2071 uxore
1032 2037 1221 2072 taxasset
1255 2045 1263 2071 :
1290 2027 1492 2071 Flavium
1526 2031 1595 2071 Sa-

205 2107 388 2163 binum,
425 2106 615 2152 alterum
651 2125 674 2152 e
712 2107 1008 2170 patruelibus,
1036 2108 1156 2169 quod
1182 2125 1284 2152 eum
1314 2109 1596 2153 comitiorum

205 2187 502 2232 consularium
532 2189 602 2233 die
631 2188 925 2247 destinatum,
954 2206 1188 2251 perperam
1217 2206 1360 2250 praeco
1390 2206 1478 2232 non
1507 2206 1605 2233 cotz-

203 2268 345 2313 sulem
367 2268 422 2313 ad
447 2269 682 2331 populum,
707 2270 782 2315 sed
803 2272 1114 2333 imperatorem
1138 2271 1485 2332 pronunciasset.
1512 2273 1603 2314 Ve-

205 2366 304 2393 rum
348 2349 576 2411 aliquanto
608 2360 706 2412 post
737 2351 876 2396 civilis
911 2350 1012 2395 belli
1053 2352 1282 2395 victoriam
1311 2352 1479 2407 saevior,
1511 2350 1603 2412 ple-

205 2447 365 2490 rosque
389 2432 526 2492 partis
557 2431 771 2489 adversae‚
799 2432 906 2476 (lum
936 2433 1069 2476 etiam
1094 2431 1279 2477 latentes
1304 2433 1502 2477 conscios
1532 2434 1600 2476 in-

206 2512 418 2573 vestigat,
445 2528 561 2556 novo
586 2514 839 2573 quaestionis
863 2530 1022 2576 genere
1050 2512 1273 2566 distorsit,
1301 2514 1497 2556 immisso
1524 2529 1600 2573 per

206 2592 410 2637 obscoena
437 2595 536 2655 igne
561 2611 569 2637 :
602 2594 826 2638 nonnullis
859 2605 902 2639 et
927 2612 1080 2639 manus
1109 2595 1366 2655 amputavit.
1396 2594 1599 2654 Satisque

207 2682 407 2730 constat,
438 2674 548 2718 duos
580 2674 694 2719 solos
732 2692 755 2719 e
793 2678 1038 2720 notioribus
1067 2677 1189 2720 venia
1221 2675 1430 2731 donatos,
1461 2675 1604 2719 tribu-
