1988 3439
850 266 993 302 NERO.
1528 276 1597 322 257

237 346 507 407 improbante
539 349 773 392 divortium
806 348 998 409 populo,
1026 367 1102 393 nec
1138 365 1341 412 parcente
1370 362 1598 414 conviciis,

232 434 360 478 eiiam
386 434 604 496 relegavit.
639 433 839 493 Denique
863 433 1018 477 occidit
1054 435 1134 478 sub
1160 438 1340 481 crimine
1369 440 1599 487 adulterio-

231 532 352 570 rum,
374 517 481 561 adeo
510 515 750 576 impudenti
774 514 990 577 falsoque,
1021 528 1089 575 ut,
1118 520 1161 562 in
1183 522 1420 580 quaestione
1447 542 1598 585 perne-

225 601 428 659 gantibus
452 601 641 655 cunctis,
666 600 896 643 Anicetum
929 601 1216 664 paedagogum
1252 621 1380 650 suum
1409 607 1595 654 indicem

225 682 478 743 subjecerit,
500 684 575 743 qui
604 682 704 727 dolo
729 693 970 744 stupratam
988 701 1012 728 a
1029 701 1073 729 se
1096 686 1317 733 fateretur.
1343 691 1596 753 Poppaeam,

223 765 482 810 duodecimo
508 764 577 809 die
604 773 701 827 post
724 764 962 810 divortium
989 767 1182 813 Octaviae
1200 770 1243 813 in
1269 774 1593 820 matrimonium

222 858 469 909 acceptam,
496 847 647 892 dilexit
677 848 818 893 unice.
849 851 907 893 Et
938 859 1080 895 tamen
1122 853 1258 913 ipsam
1291 872 1466 918 quoque
1504 861 1590 904 ictu

220 930 348 975 calcis
372 930 528 976 occidit
546 966 557 986 ‚
593 930 711 991 quod
748 948 813 984 se,
850 947 901 975 ex
929 933 1201 994 aurigatione
1225 952 1322 982 sero
1346 956 1592 998 reversum,

218 1013 396 1075 gravida
421 1023 464 1058 et
488 1030 603 1075 aegra
629 1014 837 1058 conviciis
863 1014 1107 1060 incesserat.
1137 1019 1203 1062 Ex
1227 1018 1308 1063 hac
1331 1019 1467 1067 filiam
1493 1024 1591 1070 tulit

216 1095 446 1143 Claudiam
488 1099 757 1158 Augustam,
801 1096 1031 1157 amisitque
1082 1098 1317 1146 admodum
1366 1105 1588 1152 infantem.

218 1178 399 1224 Nullum
421 1178 530 1223 adeo
547 1178 877 1224 necessitudinis
903 1195 1038 1240 genus
1065 1191 1156 1238 est,
1180 1184 1299 1242 quod
1320 1202 1408 1231 non
1429 1189 1589 1235 scelere

216 1262 460 1324 perculerit.
493 1262 754 1318 Antoniam,
786 1260 959 1306 Claudii
992 1261 1156 1321 filiam,
1188 1279 1463 1315 recusantem
1491 1285 1589 1334 post

213 1349 408 1408 Poppaeae
441 1355 627 1390 mortem
662 1345 837 1406 nuptias
866 1362 988 1400 suaS‚
1015 1348 1135 1406 quasi
1164 1349 1420 1397 molitricem
1458 1373 1589 1402 nova-

212 1446 310 1473 rum
338 1445 486 1473 rerum
525 1428 758 1472 interemit.
790 1427 998 1472 Similiter
1035 1439 1226 1489 ceteros,
1268 1445 1342 1479 aut
1375 1437 1587 1485 affinitate

210 1511 355 1572 aliqua
376 1511 478 1567 sibi,
504 1519 579 1554 aut
601 1510 926 1571 propinquitate
941 1511 1222 1571 conjunctos3
1248 1517 1290 1559 in
1319 1520 1478 1578 quibus
1500 1526 1587 1567 Au-

210 1594 300 1640 lum
326 1593 546 1639 Plautium
572 1594 777 1654 juvenem
803 1610 812 1637 :
840 1610 969 1654 quem
993 1611 1130 1655 quum
1163 1608 1263 1643 ante
1293 1611 1478 1648 mortem
1509 1622 1585 1666 per

208 1678 295 1721 vim
316 1685 667 1738 conspurcasset‚
688 1678 806 1721 «Eat
830 1693 968 1734 nunc,
983 1698 1002 1719 η
1018 1678 1180 1739 inquit,
1204 1702 1224 1722 (ι
1242 1693 1382 1728 mater
1403 1703 1497 1731 mea
1511 1722 1522 1742 ,
1541 1699 1585 1733 et

209 1775 497 1804 successorem
518 1775 662 1802 meum
683 1758 904 1804 osculetur
920 1777 962 1815 3»
985 1761 1173 1821 jactans,
1202 1763 1409 1811 dilectum
1432 1769 1486 1813 ab
1505 1787 1555 1815 ea
1571 1807 1583 1828 ,

207 1852 249 1887 et
275 1840 329 1886 ad
357 1834 475 1903 spem
505 1843 673 1903 imperii
699 1841 948 1902 impulsum.
977 1845 1233 1906 Privignum
1262 1849 1439 1895 Rufium
1463 1855 1581 1898 Cris-

207 1925 360 1985 pinum
377 1959 388 1981 ,
408 1927 593 1985 Poppaea
616 1933 767 1968 natum
781 1959 792 1979 ‚
810 1925 1079 1985 impuberem
1099 1928 1242 1973 adhuc
1257 1965 1268 1986 ‚
1293 1933 1394 1992 quia
1416 1933 1583 1980 fereba-

207 2017 278 2051 tur
300 2005 483 2051 ducatus
507 2016 550 2050 et
580 2008 760 2067 imperia
783 2006 932 2052 ludere
947 2044 960 2064 ⁷
989 2011 1276 2071 mergendum
1313 2016 1421 2059 inari
1441 2051 1451 2070 ,
1474 2017 1579 2062 dum

206 2090 464 2150 piscaretur,
491 2090 624 2133 servis
649 2090 783 2150 ipsius
816 2089 1107 2136 demandavit.
1139 2097 1329 2140 Tuscum
1347 2132 1358 2154 ,
1397 2101 1579 2146 nutricis

206 2169 344 2215 {ilium
360 2205 372 2227 ‚
395 2169 628 2232 relegavit,
648 2171 763 2232 quod
788 2173 830 2215 in
856 2176 1165 2234 procuratione
1181 2177 1378 2240 AEgypti,
1397 2181 1579 2228 balineis

206 2256 249 2297 in
280 2252 515 2298 adventum
549 2269 676 2297 suum
706 2258 938 2300 exstructis
973 2255 1161 2302 lavisset.
1189 2261 1396 2307 Senecam
1420 2281 1579 2326 praece-

204 2346 374 2397 ptorem
399 2335 453 2381 ad
484 2352 632 2380 necem
655 2335 892 2397 compulit3
923 2341 1121 2398 quamvis
1142 2357 1253 2403 saepe
1282 2358 1575 2392 commeatum

204 2420 396 2481 petenti,
424 2419 636 2480 bonisque
665 2418 856 2474 cedenti,
884 2432 1108 2482 persancte
1145 2423 1353 2484 jurasset,
1393 2446 1576 2491 «suspe-

202 2512 320 2546 ctum
344 2518 389 2546 se
414 2501 598 2559 frustra,
621 2503 950 2564 periturumque
977 2506 1140 2564 potius,
1169 2524 1299 2567 quam
1325 2512 1572 2557 nociturum

201 2585 254 2628 ei.
267 2605 287 2626 n
301 2585 691 2646 Burrlio‘praefecto
707 2586 948 2632 remedium
971 2588 1023 2632 ad
1044 2588 1188 2635 fauces
1207 2591 1440 2652 pollicitus,
1459 2598 1570 2640 toxi-

202 2683 301 2711 cum
333 2668 462 2711 misit.
491 2667 690 2712 Libet-tos
720 2668 876 2714 divites
909 2681 949 2716 ct
979 2689 1128 2728 senes,
1165 2673 1266 2718 olim
1296 2675 1569 2738 adoptionis,

393 2764 419 2791 1.
1326 2774 1372 2800 1’“

1354 2805 1363 2818 Ι
