1988 3439
806 299 952 334 NERO.
1488 301 1561 350 259

199 393 449 427 cunctantes
470 385 678 427 continuo
698 390 924 437 curarent3
939 401 958 421 n
989 382 1047 424 ita
1067 383 1182 425 enim
1205 384 1410 439 vocabat,
1434 401 1562 429 venas

200 464 350 507 mortis
366 463 502 524 gratia
523 461 723 506 incidere.
743 461 954 505 Creditur
971 462 1101 506 etiam
1117 461 1367 524 polyphago
1390 464 1562 509 cuidam

197 545 370 605 :egyptii
397 543 588 605 generis,
611 541 794 586 crudam
819 559 1019 596 carnem,
1044 552 1111 598 et,
1137 543 1346 604 quicquid
1371 543 1563 601 daretur,

198 623 403 668 mandere
439 631 630 679 assueto,
655 623 908 684 concupisse
947 624 1068 667 vivos
1103 623 1301 668 homines
1335 622 1564 669 laniandos

199 702 576 763 absumendosque
599 702 800 763 objicere.
828 702 981 747 Elatus
1010 703 1271 764 inflatusque
1295 705 1425 748 tantis
1445 703 1564 748 velut

198 783 490 840 successibus,
533 784 728 845 negavit,
761 803 782 824 κ
809 800 1074 845 quemquam
1117 784 1368 846 principum
1409 785 1565 841 scisse,

197 862 303 923 quid
325 862 406 907 sibi
426 861 573 908 liceret
597 880 643 907 :n
669 862 915 925 multasque
936 879 1015 908 nec
1041 863 1195 908 dubias
1224 863 1565 926 significationes

197 959 309 1004 saepe
324 943 428 1004 jecit
442 979 453 997 ,
470 960 525 987 ne
545 943 722 1005 reliquis
739 943 917 1005 quidem
939 960 983 988 se
1007 929 1242 1006 parsurum
1264 944 1565 997 senatoribus;

196 1039 383 1084 eumque
401 1024 600 1069 ordinem
618 1024 893 1070 sublaturum
915 1024 1180 1086 quandoque
1203 1041 1226 1069 e
1249 1023 1494 1086 republica,
1516 1042 1565 1070 ac

196 1105 442 1165 provincias
464 1115 508 1149 et
523 1106 738 1150 exercitus
764 1106 901 1166 equiti
922 1122 1106 1150 romano
1128 1122 1178 1150 ae
1193 1104 1360 1150 libertis
1384 1107 1567 1167 permis-

195 1201 359 1229 surum.
379 1186 505 1229 Certe
520 1202 660 1246 neque
675 1186 923 1241 adveniens,
946 1203 1087 1247 neque
1104 1186 1398 1247 proficiscens,
1415 1202 1567 1246 quem·

194 1281 325 1325 quam
351 1265 501 1310 osculo
530 1266 762 1326 impertiit,
791 1283 840 1310 ac
871 1282 926 1310 ne
959 1265 1267 1310 resalutatione
1294 1266 1485 1326 quidem.
1511 1269 1568 1311 Et

196 1347 238 1389 in
269 1345 535 1408 auspicando
570 1363 699 1406 opere
744 1347 922 1398 isthmi,
954 1363 1111 1408 magna
1148 1347 1392 1407 frequentia
1423 1346 1565 1397 clare,

194 1446 213 1465 «ι
231 1428 292 1471 Ut
316 1426 396 1469 sibi
418 1442 468 1470 ac
493 1426 657 1487 populo
678 1442 858 1470 romano
882 1427 990 1470 bene
1011 1443 1080 1470 res
1107 1437 1294 1471 verteret
1309 1463 1319 1483 ,
1334 1446 1354 1468 n
1374 1428 1565 1488 optavit,

193 1504 462 1550 dissimulata
487 1516 661 1550 senatus
685 1507 922 1551 mentione.
1444 1552 1447 1554 .

254 1587 508 1631 XXXVIII.
535 1586 621 1631 Sed
648 1603 726 1631 nec
755 1585 947 1648 populo,
972 1597 1046 1631 aut
1078 1587 1292 1631 moenibus
1320 1588 1468 1648 patriae
1495 1603 1568 1648 pe-

194 1666 346 1727 percit.
371 1667 555 1712 Dicente
584 1666 775 1727 quodam
800 1667 843 1710 in
867 1683 1066 1712 sermone
1085 1669 1329 1724 communi,

403 1793 488 1845 ἐμεῦ
509 1802 655 1839 ὑπιέντες
671 1803 751 1846 γπῖπ
772 1803 916 1846 μιχθτζτω
940 1803 1027 1846 πυρὶ

194 1912 368 1954 «Immo
390 1944 401 1966 ‚
427 1930 447 1950 n
486 1911 659 1970 inquit,
690 1930 709 1950 «
733 1910 834 1967 ἐμοῦ
867 1910 1019 1968 ζῶντος.
1045 1932 1064 1952 »
1094 1910 1316 1972 Planeque
1343 1913 1402 1956 ita
1431 1912 1532 1956 fecit
1561 1931 1568 1955 :

196 2007 324 2047 nam,
351 1991 475 2051 quasi
499 1990 692 2034 offensus
718 1990 992 2035 deformitate
1026 2001 1222 2035 veterum
1257 1991 1538 2036 aedificiorum
1556 2027 1566 2046 ‚

195 2081 239 2115 et
264 2073 477 2133 angustiis
512 2071 775 2133 flexurisque
799 2074 1019 2130 vicorum,
1059 2073 1251 2117 incendit
1290 2074 1452 2118 Urbem
1481 2083 1569 2117 tam

197 2150 363 2213 palam,
387 2161 437 2196 ut
474 2151 671 2213 plerique
705 2152 955 2198 consulares
995 2152 1287 2198 cubicularios
1320 2155 1434 2214 ejus,
1472 2171 1571 2198 cum

196 2243 354 2294 stuppa
391 2232 587 2293 taedaque
612 2234 655 2276 in
685 2233 857 2294 praediis
889 2235 976 2278 suis
1004 2233 1323 2294 deprehensos,
1352 2251 1438 2278 non
1472 2235 1572 2278 atti-

199 2314 367 2374 gerint:
388 2323 430 2357 et
444 2312 639 2373 quaedam
656 2313 811 2356 horrea
832 2315 946 2357 circa
963 2313 1144 2358 domum
1160 2330 1358 2368 auream,
1381 2331 1570 2375 quorum

200 2393 388 2454 spatium
416 2394 601 2437 maxime
628 2392 925 2448 desiderabat,
954 2392 1050 2455 [ut]
1082 2392 1246 2437 bellicis
1270 2394 1483 2438 machinis
1511 2393 1570 2437 la-

200 2473 412 2518 befactata
441 2482 572 2533 atque
601 2473 866 2517 inflammata
890 2474 998 2526 sint,
1027 2472 1144 2533 quod
1170 2489 1297 2517 saxeo
1321 2490 1447 2516 muro
1467 2490 1571 2516 con-

200 2563 365 2598 structa
393 2563 528 2598 erant.
573 2556 653 2598 Per
689 2570 761 2598 sex
801 2553 891 2598 dies
924 2564 1176 2615 septemque
1202 2563 1348 2596 noctes
1373 2569 1421 2596 ea
1449 2552 1570 2597 clade

201 2635 395 2679 saeviturn
413 2623 499 2691 est,
519 2633 571 2678 ad
591 2645 972 2679 monumentorum
993 2635 1308 2694 bustorumque
1326 2633 1571 2677 deversoria

202 2713 326 2775 plebe
350 2713 586 2775 compulsa.
613 2716 762 2771 Tunc,
779 2725 933 2775 praeter
961 2716 1218 2759 immensum
1249 2730 1480 2757 numerum
1510 2715 1571 2756 in-

1314 2811 1377 2855 17.
