1988 3407
606 252 659 287 IN
689 254 936 292 TIBERIUM
965 258 1226 297 NERONEM.
1546 270 1618 305 213

270 323 405 360 Rediit.
426 326 563 373 Tacit.,
584 331 722 365 Annal.
738 358 750 374 ,
772 345 807 377 v,
842 346 854 368 1
871 362 880 378 ‚
904 346 923 369 2
949 349 956 369 ε
974 352 987 367 «
1007 337 1083 383 Qui
1102 337 1167 387 (sc.
1190 340 1366 378 Tiberius
1387 345 1622 397 Nero)be110

214 385 397 431 perusino
436 390 643 440 profuguS‚
676 405 770 440 pace
798 394 898 431 inter
934 398 1036 434 Sext.
1074 401 1300 448 Pompeium
1329 417 1371 440 ac
1403 407 1625 448 triumviros

213 454 343 493 pacta,
364 450 403 485 in
421 451 564 488 Urbem
583 454 707 490 rediit.
724 471 744 488 ῃ

267 512 447 559 Augusto.
469 514 568 551 Vide
591 528 673 564 sup.
696 520 855 567 August.
869 548 879 564 ,
905 534 1000 558 Lxu.

265 572 352 609 CAP.
373 577 418 611 V.
448 577 494 611 In
527 579 691 614 Palatio.
720 581 766 615 H.
788 594 819 616 e.
841 581 879 617 in
899 584 1031 621 Palatii
1051 587 1226 636 regione,
1246 589 1334 628 vide
1355 593 1465 638 ibid„
1487 609 1520 632 v.

267 634 496 674 Consulibus.
521 640 566 675 A.
589 641 636 676 U.
661 653 747 687 712.

265 697 351 731 CAP.
388 699 452 734 VI.
482 701 719 739 lim-citam.
743 705 804 741 Sic
831 706 945 751 Plin.‚
975 709 1146 759 Pcmeg„
1178 724 1322 749 Lxxxw
1359 728 1366 750 :
1395 733 1409 748 ι
1428 718 1617 769 Intelligi-

204 769 305 803 mus,
326 759 458 806 Caesar,
484 771 670 810 quantum
690 766 759 802 tibi
788 780 862 815 pro
882 770 1074 806 laboriosa
1099 772 1160 808 illa
1193 774 1357 811 statione
1383 784 1419 813 et
1449 781 1614 818 exercita

205 817 449 858 debeamus.»
613 835 617 839 ·
864 823 874 830 ’

257 883 387 932 Fugoe.
414 886 531 933 Vell.,
561 901 619 934 11,
648 889 720 937 75,
755 892 774 928 3
807 906 815 929 z
840 910 854 925 τι
876 895 983 932 Livia
1013 896 1164 947 fugiens
1190 912 1281 936 mox
1306 901 1424 941 futuri
1450 906 1507 942 sui
1529 909 1612 944 Cae-

201 943 293 981 saris
306 957 430 993 arma,
443 949 508 985 vix
522 949 668 986 bimum
680 953 783 990 hunc
803 956 1000 993 Tiberium
1015 959 1235 998 Caesarem...
1256 971 1407 1012 gestans
1425 967 1529 1015 sinu,
1542 983 1608 1017 per

199 1005 281 1042 avia
295 1006 495 1057 itinerum,
516 1012 643 1050 vitatis
662 1016 825 1053 militum
838 1019 991 1068 gladiis,
1013 1034 1093 1058 uno
1115 1025 1342 1072 comitante,
1364 1042 1444 1077 quo
1464 1031 1609 1070 facilius

198 1069 454 1108 occultaretur
484 1073 592 1122 fuga,
612 1079 789 1124 pervenit
818 1081 867 1117 ad
894 1095 1016 1129 mare,
1039 1092 1075 1120 et
1102 1098 1188 1121 cum
1221 1087 1305 1123 viro
1338 1091 1494 1129 Nerone
1515 1107 1606 1142 per—

197 1137 304 1167 vecta
322 1131 362 1168 in
382 1133 547 1171 Siciliam
573 1146 639 1174 est.
657 1155 672 1171 »

250 1193 305 1228 M.
330 1195 469 1232 Gallio.
497 1199 592 1245 Quis
617 1201 732 1238 fuerit
758 1205 904 1242 Gallius
925 1207 987 1244 ille
1012 1209 1212 1246 incertum.

250 1256 411 1294 Nomine
431 1260 619 1298 abstinuit.
642 1264 687 1300 H.
711 1278 742 1301 e.
765 1267 1025 1306 haereditatem
1047 1273 1276 1320 repudiavit.

255 1318 469 1368 Triumpho.
491 1325 536 1359 A.
558 1325 602 1360 U.
631 1326 718 1371 725.
742 1328 840 1364 Vide
867 1342 981 1378 supra
1004 1336 1185 1382 August„
1210 1350 1310 1374 xxn.

247 1380 389 1416 Funali
416 1395 520 1432 equo.
555 1406 604 1413 —
636 1389 794 1424 Functlc's
821 1403 942 1439 equus
967 1402 1069 1440 erat,
1098 1397 1165 1444 qui
1194 1407 1299 1435 extra
1333 1401 1490 1450 jugum,
1524 1405 1601 1440 sive

191 1448 299 1487 ante,
326 1443 403 1479 sive
427 1457 448 1480 a
472 1447 589 1483 latere
609 1449 854 1499 jungebatur.

242 1504 296 1539 Et
320 1505 504 1552 Trojanis.
531 1510 633 1546 Nihil
657 1512 893 1551 difficultatis
925 1517 961 1551 h.
984 1519 1006 1553 1.
1029 1522 1236 1569 supererit,
1258 1524 1309 1569 si,
1336 1534 1517 1563 monente
1544 1530 1597 1565 Cl.

187 1566 314 1611 Hase,
348 1577 495 1606 resecto
523 1580 560 1607 et
588 1574 688 1623 legas
725 1589 733 1610 :
767 1593 781 1607 a
807 1578 984 1624 Trojanis
1019 1581 1260 1621 Circensibus
1290 1586 1430 1622 ductor
1466 1596 1598 1626 turmae

184 1639 395 1675 puerorum
414 1632 616 1680 majorum.
640 1653 654 1668 »

240 1691 328 1728 Cam.
350 1694 433 1730 VII.
457 1696 660 1733 Rudiariatr.
691 1700 736 1735 H.
763 1712 793 1735 e.
818 1702 916 1737 rude
942 1703 1094 1742 donatis
1124 1719 1132 1741 :
1164 1708 1211 1743 ad
1246 1721 1398 1746 arenam
1422 1716 1596 1750 revocari

183 1764 261 1787 non
281 1761 462 1801 poterant
481 1757 603 1794 inviti.
625 1762 775 1797 Idcirco
799 1764 977 1802 Tiberius
1002 1779 1143 1816 magno
1164 1771 1291 1818 pretio
1319 1785 1402 1819 eos,
1433 1782 1475 1809 ut
1503 1784 1594 1823 pote

183 1814 430 1860 peritissimos
450 1820 623 1867 pellexit,
646 1829 689 1857 ut
710 1823 823 1859 ludos
849 1838 937 1862 suos
965 1829 1193 1868 celebriores
1220 1833 1410 1872 redderet.

239 1877 394 1914 Absens.
423 1880 522 1916 Vide
542 1896 654 1931 supra
676 1887 834 1933 August.
849 1914 859 1929 ‚
882 1900 996 1925 xmn.

236 1939 440 1987 Epistoloe.
480 1945 630 1991 Senem,
671 1947 780 1994 epist.
825 1961 891 1984 xx!
929 1963 936 1984 :
975 1953 1104 1989 «Nihil
1141 1955 1195 1991 illi
1233 1957 1438 2003 profuisset
1475 1973 1591 2009 gener

183 2000 371 2050 Agrippa,
391 2011 428 2039 et
447 2005 624 2043 Tiberius
651 2021 856 2058 progener,
883 2020 920 2047 et
949 2015 1097 2051 Drusus
1125 2017 1247 2053 Caesar
1270 2032 1464 2068 pronepos
1488 2037 1495 2057 :
1523 2024 1584 2059 in—

180 2070 238 2098 ter
259 2070 333 2099 tam
355 2078 491 2115 magna
511 2070 667 2106 nomina
694 2079 895 2119 taceretur,
916 2076 988 2111 nisi
1010 2077 1145 2114 Cicero
1171 2080 1276 2116 illum
1299 2083 1586 2131 applicuisset.»

232 2127 385 2163 Marito.
407 2130 554 2179 Nempe
573 2133 754 2182 Agrippa.
778 2136 875 2172 Vide
897 2140 992 2185 Aug.
1006 2167 1015 2181 ,
1040 2153 1148 2177 mun.

235 2188 484 2228 Tumentibus.
501 2194 587 2230 Scil.
609 2196 756 2232 obortis
777 2198 969 2247 lacrymis,
984 2202 1049 2237 sed
1064 2204 1236 2240 nondum
1252 2206 1399 2253 effusis,
1413 2216 1582 2245 monent.

178 2250 379 2287 Burmann.

234 2311 474 2352 custoditum.
506 2318 552 2354 H.
575 2333 606 2356 e.
637 2330 800 2358 cautum.

236 2376 459 2425 Inter-cepto.
489 2382 611 2418 Intell.
635 2392 800 2421 mortuo.

230 2438 375 2474 Amisit.
407 2441 524 2489 Vell.,
552 2457 605 2491 ιι,
626 2459 673 2494 97
711 2460 719 2482 ι
748 2464 765 2480 ιι
783 2450 948 2486 Drusum
979 2464 1112 2501 magna
1143 2467 1189 2490 ex
1218 2463 1325 2503 parte
1352 2456 1578 2492 domitorem

172 2500 400 2548 Germaniae,
422 2504 588 2550 plurimo
609 2509 690 2555 ejus
710 2512 833 2558 gentis
853 2513 965 2549 variis
994 2514 1030 2549 in
1063 2516 1156 2551 locis
1182 2518 1345 2564 profuso
1371 2518 1553 2567 sanguine
1569 2548 1577 2563 ‚

173 2560 340 2597 satorum
371 2564 572 2614 iniquitas,
603 2574 795 2608 consulem
837 2583 1007 2623 agentem
1053 2590 1193 2613 annum
1234 2579 1467 2627 trigesimum
1510 2593 1575 2616 ra-

170 2623 264 2669 puit.
290 2644 301 2655 υ
325 2626 382 2662 Ad
405 2640 517 2675 quem
548 2641 793 2679 :egrotantem
822 2650 934 2684 quam
957 2640 1152 2675 celerrime
1179 2642 1374 2688 profectus
1396 2648 1485 2676 orat.
1519 2644 1574 2680 (Is.

169 2684 263 2721 Vn..
287 2689 405 2733 Mnx„
429 2703 461 2733 v,
486 2691 517 2727 5.
