1988 3407
477 262 542 296 DE
572 260 901 296 1LLUs'rfflBUs
932 261 1302 297 GRAMMATICIS.
1551 262 1596 311 89

208 347 379 390 Dianae
408 346 552 390 Cinna
579 363 587 388 :

390 459 522 496 Secula
543 464 762 506 permaneat
784 457 905 492 nostri
928 457 1056 492 Diana
1081 457 1247 493 Catonis.

206 559 328 602 Vixit
353 558 408 603 ad
438 569 677 603 extremam
705 567 952 611 senectam,
981 557 1056 602 sed
1084 559 1129 602 in
1167 575 1339 603 summa
1372 561 1598 620 pauperie,

205 650 248 685 et
279 657 400 701 paene
436 640 612 701 inopia,
643 638 818 683 abditus
848 638 1024 683 modico
1057 640 1289 702 gurgustio
1315 675 1326 695 ,
1363 650 1597 701 postquam

204 720 433 766 tusculana
462 719 562 764 villa
600 719 892 764 creditoribus
927 731 1143 779 cesserat,
1173 731 1221 765 ut
1248 730 1403 766 auctor
1429 730 1494 765 est
1524 722 1598 765 Bi-

203 802 385 848 baculus
411 820 420 846 ε

414 915 453 952 Si
473 915 557 963 quis
584 914 682 951 forte
708 915 783 951 mei
802 915 959 951 domum
984 916 1156 962 Catonis,

415 978 592 1026 Depictas
611 978 732 1014 minio
752 980 914 1024 assulas,
934 986 970 1014 et
990 978 1075 1014 illos

415 1040 591 1076 Custodis
614 1040 718 1076 videt
737 1041 911 1076 hortulos
930 1041 1078 1089 Priapi,

414 1103 589 1148 Miretur,
610 1104 747 1150 quibus
768 1104 831 1139 ille
851 1104 1060 1151 disciplinis

417 1166 577 1200 Tantam
604 1166 651 1200 sit
677 1166 898 1213 sapientiam
928 1175 1133 1211 assecutus,

417 1229 539 1272 Quem
565 1235 639 1264 tres
661 1229 854 1273 cauliculi,
878 1236 914 1264 ct
942 1230 1080 1265 selibra
1104 1230 1232 1275 farris,

418 1291 573 1326 Racemi
601 1291 695 1338 duo,
718 1292 841 1339 tegula
865 1292 934 1327 sub
960 1305 1030 1326 una

422 1354 484 1389 Ad
510 1367 696 1389 summam
719 1366 841 1402 prope
862 1355 1030 1390 nutriant
1053 1362 1255 1392 senectam.

203 1456 257 1498 Et
286 1453 401 1498 idem
430 1471 613 1499 rursus:

415 1567 572 1603 Catonis
599 1567 738 1612 modo,
760 1569 890 1613 Galle,
911 1570 1162 1606 Tusculanum

415 1630 512 1666 Tota
538 1630 705 1666 creditor
729 1631 823 1667 urbe
842 1631 1076 1668 venditabat.

416 1692 547 1728 Mirati
567 1705 714 1738 sumus,
743 1694 894 1730 unicum
913 1695 1133 1743 magistrum
1149 1724 1159 1742 ,

416 1755 608 1790 Summum
629 1756 931 1803 grammaticum,
952 1758 1137 1805 optimum
1158 1766 1326 1807 poetam,

414 1816 555 1852 Omnes
582 1819 728 1854 solvere
755 1832 865 1866 posse
895 1821 1142 1867 quaestiones,

415 1879 545 1914 Unum
570 1879 724 1916 difficile
749 1882 930 1929 expedire
952 1896 1106 1919 nomen.

415 1941 473 1976 En
493 1954 558 1977 cor
586 1943 792 1988 Zenodoti,
821 1957 867 1979 en
889 1944 997 1991 jecur
1022 1946 1206 1981 Cratetis!

269 2045 372 2087 XII.
396 2042 632 2088 Cornelius
656 2045 902 2106 Epicadus,
929 2046 1055 2090 Lucii
1079 2045 1274 2092 Cornelii
1296 2047 1427 2092 Sullae
1456 2048 1597 2093 dicta-

205 2124 312 2167 toris
346 2123 549 2180 libertus,
578 2124 832 2186 calatorque
874 2127 918 2170 in
950 2127 1201 2171 sacerdotio
1232 2128 1455 2190 augurali,
1481 2129 1597 2174 filio-

203 2221 290 2265 que
323 2206 416 2266 ejus
442 2207 602 2265 Fausto
638 2208 911 2268 gratissimus
938 2208 1021 2252 fuit
1052 2225 1061 2252 :
1091 2226 1227 2269 quare
1255 2226 1482 2270 nunquam
1508 2228 1598 2255 non

206 2286 438 2346 utriusque
459 2303 503 2330 se
525 2285 729 2331 libertum
751 2287 900 2332 edidit.
921 2289 1105 2333 Librum
1126 2300 1296 2346 autem,
1318 2308 1449 2351 quem
1476 2290 1596 2336 Sulla

207 2367 494 2412 novissimum
523 2367 576 2411 de
606 2368 737 2412 rebus
766 2369 854 2412 suis
884 2369 1185 2431 imperfectum
1215 2369 1475 2432 reliquerat,
1508 2373 1600 2434 ipsc

206 2447 439 2509 supplevit.

272 2531 396 2573 XIII.
432 2529 645 2574 Laberius
671 2533 779 2576 Eros
815 2532 922 2576 hero
953 2550 1032 2577 suo
1070 2543 1214 2577 emtus
1246 2533 1299 2577 de
1329 2544 1518 2590 catasta,
1557 2545 1600 2578 et

208 2620 389 2670 propter
423 2609 668 2655 litterarum
705 2612 899 2656 studium
936 2615 1259 2669 manumissus,
1298 2613 1450 2658 docuit
1489 2615 1600 2659 inter

207 2700 375 2735 ceteros
410 2694 594 2736 Brutum
632 2702 672 2736 et
708 2695 922 2738 Cassium.
955 2696 1089 2747 Sunt,
1129 2696 1204 2755 qui
1236 2694 1444 2752 tradant,
1479 2705 1599 2739 tanta
