1971 3342
457 235 529 270 208
987 233 1023 266 C.
1049 231 1278 268 SUETONII

456 318 649 372 dentem,
673 317 976 376 imperatorem
1001 314 1213 359 salutavit.
1234 314 1345 357 Hinc
1371 311 1424 355 ad
1453 310 1558 356 alios
1594 311 1802 356 commili-

456 407 600 452 tones,
614 395 890 450 fluctuantes,
907 410 985 438 nec
1005 394 1234 453 quicquam
1250 391 1391 436 adhuc
1410 407 1538 450 quam
1557 390 1801 445 frementes,

455 475 668 536 perduxit.
693 474 761 518 Ab
788 474 854 517 his
880 472 1042 516 lecticae
1067 472 1310 532 impositus,
1329 481 1393 527 et,
1419 471 1519 530 quia
1537 470 1604 513 sui
1621 468 1803 528 diffuge-

455 564 569 610 rant,
590 554 778 598 vicissim
798 550 1131 596 succollantibus
1156 553 1199 595 in
1224 560 1361 595 castra
1383 548 1548 594 delatus
1570 557 1652 602 est,
1673 547 1804 591 tristis

455 650 503 676 ac
544 632 760 692 trepiduS,
797 631 1025 674 miserante
1059 630 1186 674 obvia
1221 630 1374 686 turba,
1409 630 1530 690 quasi
1556 628 1611 671 ad
1631 642 1802 688 poenam

455 721 682 771 raperetur
705 711 862 753 insons.
893 713 1106 770 Receptus
1133 710 1246 753 intra
1269 708 1452 765 vallum,
1472 708 1585 751 inter
1605 705 1805 750 excubias

457 790 643 833 militum
661 789 944 849 pernoctavit,
958 787 1179 848 aliquanto
1199 789 1365 832 minore
1381 804 1469 848 spe,
1488 803 1617 846 quam
1633 785 1803 829 fiducia.

456 871 569 914 Nam
597 868 792 912 consules
820 884 919 912 cum
938 877 1086 911 senatu
1111 877 1153 911 et
1174 867 1422 911 cohortibus
1449 866 1624 909 urbanis
1644 868 1804 908 Forum

455 947 808 1008 Capitoliumque
839 957 1121 1008 occuparant,
1151 947 1351 990 asserturi
1376 961 1649 989 communem
1678 944 1806 987 liber-

456 1037 615 1070 tatem:
639 1028 884 1086 accitusque
911 1036 952 1070 et
978 1027 1069 1087 ipse
1094 1043 1171 1087 per
1190 1026 1386 1069 tribunos
1409 1024 1551 1084 plebis-
1565 1024 1609 1066 in
1631 1024 1807 1067 Curiam

457 1106 512 1150 ad
539 1105 782 1161 suadenda,
811 1122 904 1165 quae
930 1105 1204 1161 viderentur,
1233 1124 1254 1145 <c
1269 1106 1309 1147 vi
1336 1121 1379 1147 se
1402 1113 1445 1146 et
1462 1102 1715 1146 necessitate
1744 1111 1806 1144 te-

455 1186 602 1239 neri,»
627 1183 863 1245 respondit.
882 1187 1049 1228 Verum
1062 1193 1235 1244 postero
1256 1183 1346 1239 die,
1365 1192 1407 1226 et
1429 1192 1582 1226 senatu
1608 1180 1806 1242 segniore

458 1265 502 1307 in
529 1263 811 1324 exsequendis
838 1263 1083 1319 conatibus,
1112 1279 1189 1323 per
1224 1262 1395 1305 taedium
1422 1277 1471 1304 ac
1503 1260 1809 1304 dissensionem

457 1343 624 1387 diversa
660 1344 954 1400 censentium,
977 1353 1020 1387 et
1047 1341 1343 1397 multitudine,
1367 1357 1462 1401 quae
1478 1339 1805 1395 circumstabat,

457 1439 595 1466 unum
631 1432 840 1466 rectorem
870 1423 959 1482 jam
985 1431 1028 1465 et
1052 1421 1308 1464 nominatim
1329 1428 1605 1480 exposcente,
1621 1428 1809 1462 armatos

457 1519 537 1563 pro
555 1502 765 1545 concione
780 1502 927 1561 jurare
942 1502 986 1544 in
1004 1517 1159 1544 nomen
1186 1517 1310 1544 suum
1327 1515 1475 1560 passus
1492 1508 1573 1554 est3
1595 1498 1811 1558 promisit-

456 1597 540 1641 que
558 1581 736 1641 singulis
756 1582 887 1640 quina
905 1580 1015 1624 dena
1038 1580 1249 1634 sestertia,
1266 1580 1431 1639 primus
1450 1579 1665 1622 Caesarum
1680 1576 1809 1620 fidem

459 1658 608 1703 militis
633 1661 763 1703 etiam
787 1660 961 1720 praemio
981 1659 1243 1720 pigneratus.

519 1741 596 1783 XI.
633 1739 821 1798 Imperio
846 1737 1056 1792 stabilito,
1080 1737 1188 1780 nihil
1208 1737 1428 1797 antiquius
1454 1736 1597 1792 duxit,
1616 1751 1744 1796 quam
1766 1734 1810 1778 id

456 1818 662 1874 biduum,
697 1834 783 1877 quo
816 1817 866 1860 de
908 1816 1118 1860 mutando
1146 1815 1388 1876 reipublicae
1424 1825 1537 1859 statu
1566 1815 1808 1858 haesitatum

456 1907 571 1953 crat,
592 1898 808 1940 memoriae
835 1897 1033 1939 eximere.
1049 1897 1258 1940 Omnium
1278 1897 1422 1955 itaque
1440 1895 1650 1938 factorum
1674 1893 1811 1936 dicto-

458 1993 642 2036 rumque
661 1977 703 2019 in
725 1993 775 2020 eo
794 1977 960 2020 veniam
979 1986 1020 2019 et
1038 1975 1301 2019 oblivionem
1317 1975 1359 2016 in
1376 1983 1631 2034 perpetuum
1651 1972 1810 2026 sanxit,

457 2072 506 2100 ac
550 2057 774 2115 praestitit3
805 2056 989 2098 tribunis
1023 2054 1151 2097 modo
1179 2070 1227 2096 ac
1264 2052 1589 2096 centurionibus
1610 2051 1760 2111 paucis
1786 2067 1809 2094 e

459 2135 786 2194 conjuratorum
827 2135 871 2176 in
907 2134 1060 2176 Caium
1106 2148 1285 2175 numero
1324 2132 1583 2187 interemtis,
1621 2128 1807 2190 exempli

458 2212 583 2256 simul
604 2229 751 2267 causa,
780 2222 821 2256 et
847 2212 963 2272 quod
993 2229 1112 2255 suam
1134 2227 1307 2271 quoque
1332 2210 1491 2254 caedem
1511 2210 1811 2270 depoposcisse

459 2302 737 2353 cognoverat.
758 2294 1003 2336 Conversus
1024 2291 1125 2334 hinc
1140 2290 1193 2334 ad
1213 2290 1352 2333 officia
1378 2290 1570 2350 pictatis,
1594 2289 1810 2348 jusjuran-

459 2371 562 2415 dum
584 2388 723 2431 nequc
745 2372 932 2414 sanctius
948 2371 1049 2425 sibi,
1072 2387 1210 2430 neque
1227 2370 1431 2425 crebrius,
1448 2369 1656 2425 instituit,
1680 2382 1809 2427 quam

455 2467 540 2512 per·
561 2452 831 2511 Augustzmz.
869 2450 986 2494 Aviae
1022 2450 1156 2493 Liviae
1194 2449 1361 2491 divinos
1398 2448 1582 2491 honores
1599 2481 1610 2503 ,
1662 2456 1703 2490 et
1736 2446 1813 2489 cir-

459 2532 574 2574 censi
614 2548 771 2591 pompa
806 2546 982 2574 currum
1021 2528 1348 2588 elephantorum
1364 2563 1375 2584 ,
1418 2528 1661 2588 Augustino
1694 2525 1811 2567 simi-

463 2610 563 2665 lem,
587 2609 855 2674 decerncnda
885 2609 1074 2663 curavit;
1106 2608 1354 2667 parentibus
1391 2607 1561 2649 inferias
1592 2604 1809 2665 publicas,
