1988 3407
599 219 652 254 IN
684 218 795 255 OCT.
826 219 1126 254 AUGUSTUM.
1494 234 1504 255 1
1518 234 1532 266 ζ
1547 234 1558 256 1

346 296 540 339 Medusque,
557 302 588 328 et
604 296 718 336 Indus,
739 302 770 329 te
789 294 941 339 profugus
957 295 1074 339 Scytha

345 353 492 385 Miratur.
511 379 518 385 .
537 379 544 385 .
564 379 571 385 .

211 461 480 496 Reddiderunt.
523 461 646 505 Vell.,
680 472 739 504 11,
769 471 814 507 91
850 472 859 494 t
892 476 907 491 «
937 460 1039 495 Dum
1070 467 1230 507 pacatur
1270 460 1482 507 Occidens,
1516 463 1563 497 ab

158 523 317 560 Oriente
337 536 379 559 ac
401 535 489 572 rege
509 523 740 558 Parthorum
770 521 877 571 signa
907 534 1086 568 romana,
1108 536 1193 571 quae
1221 522 1355 558 Crasso
1381 535 1563 570 oppresso

158 587 327 633 Orodes,
357 599 442 634 quae
464 585 636 622 Antonio
664 585 776 633 pulso
807 583 908 620 filius
928 585 1009 633 ejus
1031 586 1209 621 Phraates
1242 592 1447 633 ceperant,
1479 588 1566 621 Au·-

160 656 273 699 gusto
301 649 453 685 remissa
487 655 585 685 sunt.
610 665 624 680 »ι
649 650 706 684 De
729 647 910 684 Armenia
928 675 938 694 ,
967 647 1059 684 vide
1080 660 1178 696 quos
1213 647 1303 684 citat
1340 647 1388 682 ad
1425 648 1461 683 h.
1495 648 1567 684 loc.

158 713 372 761 Baumgart.

219 775 462 824 Obsidesque.
484 773 648 810 Obsides
681 773 788 810 dedit
814 775 994 810 Phraates
1019 772 1119 810 filios
1146 787 1246 810 suos.
1279 775 1378 811 Vide
1407 775 1568 820 STRAB„

158 851 248 883 xvi,
276 850 315 886 p.
343 835 441 883 5153
466 838 613 882 Vna„
637 836 703 871 ub.
740 849 845 884 sup.‚
873 837 946 885 933
978 843 1015 872 et
1044 837 1201 882 Tacl'r„
1231 839 1398 881 Annal.,
1432 850 1467 871 11
1487 865 1497 883 ,
1538 851 1567 872 1.

159 901 248 935 Haec
277 898 457 935 videntur
486 898 680 946 pertinere
709 898 758 934 ad
784 899 886 934 illam
917 898 1017 934 inter
1049 899 1267 935 Teridatem
1299 906 1335 934 et
1369 900 1568 935 Phraatem

160 968 282 998 ortam
303 961 552 1007 discordiam,
584 968 620 997 et
647 974 718 1009 per
742 963 960 1012 Augustum
988 961 1251 1010 compositam.
1289 961 1388 997 Vide
1424 962 1570 1007 D1oN.‚

159 1037 221 1070 ω,
240 1037 277 1072 p.
302 1022 390 1068 456.

216 1088 305 1124 Cn.
329 1088 459 1125 XXII.
486 1086 675 1123 Clausum.
695 1087 796 1124 Flor.
811 1116 822 1134 ‚
841 1100 901 1134 lv,
919 1100 965 1124 12
987 1100 997 1124 ε
1018 1103 1033 1120 «
1047 1089 1253 1135 Aususque
1274 1086 1427 1122 tandem
1449 1088 1572 1123 Caesar

159 1153 376 1200 Augustus,
399 1150 735 1199 septingentesimo
763 1152 885 1187 Caesar
907 1150 955 1186 ab
974 1151 1081 1187 Urbe
1107 1149 1263 1186 condita
1289 1162 1390 1184 anno
1404 1179 1413 1195 ‚
1434 1151 1573 1185 Janum

161 1212 351 1262 geminum
372 1212 547 1258 cludere,
567 1212 622 1248 bis
642 1220 729 1249 ante
758 1225 796 1248 se
820 1213 991 1259 clusum,
1012 1212 1082 1249 sub
1111 1213 1237 1249 Numa
1267 1223 1377 1260 rege,
1407 1218 1445 1246 et
1472 1211 1571 1247 victa

159 1274 326 1323 primum
346 1275 585 1324 Carthagine.
610 1292 625 1307 »

215 1338 347 1373 Pana.
375 1338 554 1373 Formula
580 1338 762 1386 frequens
790 1337 829 1373 in
858 1336 1030 1373 rostratis
1051 1336 1216 1385 Augusti
1241 1336 1374 1372 statuis
1396 1350 1403 1371 :
1426 1334 1488 1376 ὁτι
1513 1343 1570 1379 τὴν

163 1405 284 1452 εἰρήνην
307 1406 572 1451 ἐστασιασμένην
594 1406 630 1439 ἐκ
647 1410 766 1439 πολλοῦ
791 1406 971 1442 συνέστησε
991 1405 1080 1439 κατά
1101 1418 1138 1438 τε
1158 1409 1236 1450 γῆν,
1255 1403 1311 1438 καὶ
1334 1404 1424 1439 κατὰ
1449 1405 1572 1438 θάλασ-

165 1481 237 1503 σαν,
259 1462 444 1511 Appian.‚
473 1464 518 1498 B.
544 1462 604 1505 C.,
635 1475 677 1508 v,
698 1475 735 1510 p.
760 1462 847 1508 746.

222 1526 291 1562 Bis
316 1538 441 1561 ovans.
463 1526 520 1561 Ex
539 1525 654 1561 Dion.
680 1533 758 1561 ter:
777 1531 958 1561 monente
974 1525 1027 1560 Cl.
1050 1525 1174 1567 Hase,
1198 1521 1388 1559 dissensus
1408 1522 1574 1570 scripto—

163 1601 248 1624 rum
273 1588 358 1624 tolli
379 1587 526 1636 nequit.
554 1589 731 1625 Ceterum
758 1587 949 1635 duplicem
980 1586 1191 1622 orationem
1220 1584 1449 1622 confirmant
1474 1586 1576 1622 Fasti

165 1650 383 1699 Capitolini.
408 1651 508 1687 Vide
536 1651 751 1687 CASAunoN.

224 1714 461 1761 Triumpho&
491 1714 700 1760 Quomodo
728 1715 775 1749 ab
809 1713 987 1749 ovatione
1017 1712 1170 1748 differat
1202 1711 1436 1760 triumphus,
1463 1711 1577 1747 docet

165 1776 344 1825 Dionys,
366 1789 390 1811 V
411 1789 420 1810 ἰ
441 1785 572 1827 Πρῶτον
601 1783 678 1827 μὲν,
703 1784 751 1815 ὅτι
773 1784 870 1822 πεζὸς
890 1782 1071 1828 εἰσέρχεται
1095 1783 1180 1827 μετὰ
1212 1786 1269 1820 τῆς
1289 1783 1447 1826 στρατιᾶς
1465 1794 1574 1827 προη-

165 1846 318 1890 γούμενος
345 1845 359 1877 ὁ
393 1844 445 1877 τὸν
471 1844 609 1879 εὑοίστην
637 1843 792 1889 καταγὼν
817 1842 992 1890 &pingia-a,
1027 1845 1094 1876 ἀλλ’
1127 1845 1182 1877 Οὐκ
1212 1844 1257 1888 ἐφ’
1279 1844 1442 1888 ἅρματος,
1467 1843 1575 1888 ὥσπερ

167 1907 300 1947 ἐκεῖνος,
320 1919 349 1940 κ.
370 1920 400 1939 τ.
424 1911 451 1938 λ.

225 1963 324 1998 Tres.
351 1962 478 2012 virg„
502 1961 650 1999 AE'net'd.
666 1990 676 2005 ‚
697 1976 771 1997 vm
788 1990 797 2006 ,
821 1967 893 2007 714
924 1975 930 1996 :

317 2076 357 2104 At
374 2074 486 2112 Caesar,
503 2073 621 2116 triplici
643 2073 785 2104 invectus
799 2083 930 2104 romana
951 2071 1115 2114 triumpho

312 2130 445 2162 Moenia.
465 2155 472 2161 .
496 2155 502 2161 .
523 2155 530 2162 .

172 2227 326 2264 Servius
345 2228 393 2264 ad
406 2228 441 2264 h.
464 2229 487 2264 l.
510 2242 517 2263 :
533 2244 553 2260 ιι
566 2227 694 2264 Primo
710 2227 770 2263 die
790 2227 1038 2275 triumphavit
1053 2226 1261 2273 exercitus,
1282 2226 1349 2275 qui
1370 2226 1581 2263 Antonium

172 2290 314 2326 vicerat
345 2291 470 2327 navali
499 2291 622 2334 bello;
644 2290 835 2335 secundo,
867 2290 934 2338 qui
957 2291 1148 2326 Dalmatas
1171 2289 1333 2334 vicerat3
1363 2289 1476 2326 tertio
1503 2288 1582 2337 ipse

174 2366 260 2389 cum
286 2354 535 2390 alexandrino
556 2354 727 2389 invectus
747 2360 801 2389 est
823 2354 1031 2401 triumpho.
1053 2370 1067 2385 υ

229 2416 318 2452 Cn.
348 2417 500 2452 XXIII.
528 2417 757 2452 Lollianam.
786 2418 832 2452 A.
854 2418 900 2453 U.
925 2416 1012 2462 738.
1036 2417 1152 2462 Vell.,
1179 2429 1230 2462 11,
1264 2429 1313 2464 97
1345 2430 1353 2452 :
1375 2432 1398 2457 ,«
1414 2417 1580 2463 Accepta

175 2479 213 2513 in
238 2478 439 2514 Germania
459 2478 585 2523 clades
604 2479 804 2527 sublegato
824 2480 877 2514 M.
900 2478 1025 2515 Lollio
1038 2506 1048 2524 ‚
1068 2478 1221 2514 homine
1249 2478 1287 2513 in
1309 2477 1436 2514 omnia
1464 2489 1585 2526 pecu-

175 2540 245 2577 niae
277 2553 391 2588 quam
427 2548 529 2577 recte
551 2541 714 2577 faciendi
743 2541 965 2589 cupidiore,
997 2549 1034 2577 et
1064 2542 1161 2576 inter
1192 2554 1375 2577 summam
1403 2539 1583 2576 vitiorum

177 2602 514 2639 dissimulationem
546 2603 806 2648 vitiosissim03
839 2604 1050 2652 amissaque
1070 2603 1229 2652 legionis
1261 2603 1403 2651 quintae
1436 2601 1584 2650 aquila,

177 2666 328 2702 vocavit
345 2667 392 2702 ab
416 2667 521 2704 Urbe
550 2667 587 2702 in
609 2667 746 2703 Gallias
768 2669 958 2704 Caesarem.
986 2686 997 2697 ιι
