1971 3342
376 247 425 289 98
923 244 960 279 C.
986 245 1221 281 SUETONII

380 344 465 387 qua
496 327 606 371 sorte
638 345 788 372 recens
818 327 1056 373 accidisset.
1086 331 1264 389 Itaque,
1294 326 1489 372 locorum
1517 329 1645 372 etiam
1682 346 1759 390 ap·

377 408 687 469 pellationibus
719 409 920 469 adjet·tiS‚
947 411 1136 471 proponi
1173 409 1386 454 solebant.
1424 410 1497 454 Sic
1523 420 1641 454 certe
1670 409 1760 454 col-

377 488 500 533 lectae
522 489 735 551 editaeque
754 508 798 535 se
821 491 984 535 habent
1007 508 1015 535 ε
1035 508 1086 535 ex
1108 491 1268 551 quibus
1288 508 1374 535 non
1398 489 1587 535 alienum
1610 491 1761 548 fuerit,

379 588 508 614 tinam
541 581 582 615 et
611 570 817 626 alteram,
853 571 1042 633 exempli
1070 588 1226 629 causa,
1265 571 1318 615 ad
1346 572 1528 615 verbum
1558 571 1720 616 referre
1752 590 1760 616 ε

378 671 398 692 «
423 653 591 696 AEstivo
618 662 814 713 tempore
838 651 1134 697 adolescentes
1157 653 1313 696 urbani
1341 669 1476 714 quum
1500 654 1669 698 Ostiam
1692 670 1763 697 ve-

375 733 554 787 nissent,
576 732 678 777 litus
703 733 908 794 ingressi,
929 733 1163 793 piscatores
1187 734 1409 777 trahentes
1432 743 1522 777 rete
1541 733 1761 786 adierunt,

376 823 418 857 et
442 815 724 875 pepigerunt,
752 812 903 857 bolum
933 815 1087 874 quanti
1118 824 1314 858 emerent
1345 832 1353 858 :
1385 831 1587 858 nummos
1620 813 1762 858 solve-

376 904 480 938 runt
515 912 523 938 ε
561 894 636 939 diu
673 905 1061 955 exspectaverunt,
1101 895 1207 939 dum
1244 896 1353 939 retia
1392 896 1761 940 extraherentur:

375 974 612 1035 aliquando
637 976 866 1031 extractis,
889 976 1019 1035 piscis
1046 975 1191 1019 nullus
1220 975 1376 1032 infuit,
1398 976 1472 1020 sed
1497 987 1645 1037 sporta
1665 978 1761 1021 auri

375 1057 544 1101 obsuta.
594 1059 706 1101 Tum
743 1067 929 1101 emtores
966 1056 1115 1100 bolum
1163 1074 1291 1101 suum
1330 1058 1485 1114 aiunt,
1524 1059 1762 1118 piscatores

375 1154 518 1181 suum.
541 1157 562 1178 »
582 1164 645 1170 —
667 1157 686 1178 «
704 1136 921 1182 Venalicii
942 1154 1078 1197 quum
1102 1137 1323 1182 Brundisii
1342 1154 1517 1199 gregem
1538 1137 1758 1181 venalium

371 1236 393 1263 e
420 1219 519 1262 navi
542 1218 804 1275 educerent,
829 1217 1023 1262 formoso
1048 1228 1087 1262 et
1114 1219 1306 1278 pretioso
1330 1235 1489 1279 puero,
1511 1218 1631 1279 quod
1656 1235 1760 1279 por-

374 1301 525 1344 titores
567 1299 858 1354 verebantur,
893 1298 1055 1343 bullam
1096 1309 1138 1343 et
1172 1309 1422 1359 praetextam
1451 1309 1596 1361 togam
1626 1300 1765 1360 impo-

377 1397 501 1424 suere
527 1398 536 1424 :
561 1379 686 1425 facile
722 1379 939 1424 fallaciam
981 1379 1193 1424 celarunt.
1227 1382 1412 1424 Romam
1450 1381 1627 1424 venitur
1656 1397 1665 1424 ε
1696 1397 1763 1424 res

377 1463 552 1523 cognita
581 1471 643 1506 est
669 1479 678 1506 :
708 1462 873 1523 petitur
898 1478 1022 1522 puer,
1048 1460 1164 1521 quod
1194 1460 1361 1504 domini
1383 1460 1610 1504 voluntate
1633 1460 1765 1505 fuerit

374 1541 499 1597 liber,
522 1543 564 1586 in
588 1541 852 1586 libertatem.
874 1562 893 1584 ›>
917 1541 1035 1586 Olim
1056 1551 1197 1585 autem
1217 1558 1288 1585 eas
1308 1540 1601 1602 appellatione
1623 1557 1763 1601 graeca

372 1618 599 1673 συνθέσεις
621 1623 838 1666 vocabant
863 1640 870 1666 :
896 1639 997 1665 mox
1020 1623 1342 1667 controversias
1363 1621 1564 1681 quidam,
1591 1621 1663 1664 sed
1689 1632 1765 1665 aut

373 1706 525 1757 fictas,
556 1713 630 1747 aut
650 1702 915 1760 judiciales.
947 1701 1140 1746 Illustres
1179 1701 1465 1763 professores,
1500 1712 1543 1745 et
1572 1718 1762 1762 quorum

375 1786 587 1828 memoria
625 1783 771 1844 aliqua
808 1792 976 1835 exstet,
1017 1799 1104 1826 non
1151 1792 1311 1826 temere
1350 1781 1422 1825 alii
1464 1782 1756 1842 reperientur,

370 1882 501 1925 quam
531 1864 583 1908 de
612 1863 771 1924 quibus
797 1863 980 1907 tradam.

432 1946 487 1988 ΙΙ.
521 1948 568 1989 L.
600 1943 763 1988 Plotius
791 1943 956 1987 Gallus.
990 1946 1055 1987 De
1081 1944 1162 1987 hoc
1183 1944 1338 1988 Cicero
1371 1943 1426 1987 ad
1451 1945 1510 1986 M.
1539 1944 1752 1988 Titinium

367 2027 426 2070 sic
448 2025 580 2069 refert
606 2043 614 2068 :
638 2046 657 2066 «
682 2025 901 2085 Equidem
927 2025 1137 2069 memoria
1163 2034 1315 2080 teneo,
1339 2025 1483 2084 pueris
1502 2025 1647 2081 nobis,
1670 2025 1759 2085 pri-

368 2123 488 2150 mum
524 2105 654 2149 latine
693 2105 848 2148 docere
876 2105 1055 2165 coepisse
1099 2107 1145 2148 L.
1173 2104 1361 2148 Plotium
1398 2104 1633 2165 quemdam
1668 2107 1758 2150 :ad

368 2203 498 2246 quem
528 2202 662 2246 quum
689 2185 813 2229 fieret
837 2201 1078 2229 concursus
1097 2221 1107 2241 ‚
1134 2184 1252 2245 quod
1277 2184 1620 2230 studiosissimus
1645 2186 1762 2246 quis-

367 2282 452 2326 que
488 2265 606 2326 apud
646 2282 745 2309 eum
785 2276 1074 2321 exerceretur,
1114 2264 1343 2320 dolebam,
1373 2266 1478 2309 mihi
1519 2266 1634 2310 idem
1669 2283 1757 2310 non

369 2347 510 2390 licere.
547 2346 821 2390 Continebar
851 2356 994 2390 autem
1032 2346 1386 2390 doctissimorum
1417 2346 1647 2390 hominum
1675 2363 1754 2390 au-

367 2429 596 2482 ctoritate,
622 2428 696 2488 qui
728 2428 1060 2482 existimabant,
1093 2428 1242 2489 graecis
1277 2428 1667 2472 exercitationibus
1697 2427 1751 2471 ali

372 2508 523 2552 melius
556 2510 731 2570 ingenia
761 2525 898 2569 posse.
923 2527 942 2548 »
971 2509 1100 2552 Hunc
1131 2507 1330 2552 eumdem
1359 2508 1486 2570 (nam
1516 2508 1757 2552 diutissime

375 2589 502 2649 vixit)
528 2591 588 2632 M.
615 2588 781 2634 Coelius
800 2590 845 2633 'in
869 2589 1089 2645 oratione,
1112 2605 1243 2649 quam
1274 2606 1352 2649 pro
1379 2606 1422 2631 se
1445 2588 1498 2633 de
1522 2589 1561 2632 vi
1583 2589 1759 2642 habuit,

372 2670 642 2730 significabat
665 2670 849 2714 dictasse
872 2670 1098 2727 Atracino,
1126 2671 1368 2713 accusatori
1392 2686 1490 2726 sttO,
1513 2670 1756 2713 actionem:
