1971 3342
376 239 387 260 ι
405 240 446 260 io
871 225 1088 261 HORATII
1120 226 1248 261 VITA.

369 311 532 370 subjeci
558 328 566 352 2
591 329 611 350 «
635 311 769 354 Sume
802 309 878 352 tibi
909 308 1075 369 aliquid
1108 309 1220 369 juris
1258 307 1375 368 apud
1410 325 1505 364 me,
1546 320 1753 370 tanquam

370 392 403 434 si
433 391 661 434 convictor
686 389 794 433 mihi
820 389 952 433 fueris
981 406 989 432 :
1013 399 1130 432 recte
1152 389 1294 442 enim,
1322 397 1363 431 et
1389 405 1476 432 non
1506 398 1667 434 temere
1690 390 1753 434 fe-

369 471 505 526 ceris;
543 472 752 531 quoniam
790 469 833 513 id
870 486 973 513 usus
1002 470 1110 512 mihi
1145 479 1286 512 tecum
1317 484 1406 513 esse
1435 468 1581 526 volui,
1609 472 1644 514 si
1680 487 1756 531 per

370 550 666 595 valetudinem
694 561 813 594 tuam
844 549 937 593 fieri
971 550 1122 610 possit.
1147 569 1166 590 n
1198 552 1251 593 Et
1276 565 1429 592 rursus
1458 566 1468 592 ε
1494 568 1514 589 ε(
1534 550 1619 593 Tui
1642 566 1752 610 qua-

370 630 452 675 lem
472 631 656 675 habeam
678 630 958 683 memoriam,
982 630 1145 690 poteris
1167 646 1218 673 ex
1243 629 1456 691 Septimio
1479 646 1655 690 quoque
1675 647 1755 674 no-

368 721 458 754 stro
484 710 636 754 audire
663 728 670 754 :
698 727 799 754 nam
828 709 1003 766 incidit,
1031 720 1080 753 ut
1109 708 1185 753 illo
1210 726 1359 753 coram
1388 709 1510 753 fieret
1541 726 1566 753 a
1591 726 1662 754 me
1690 712 1754 754 tui

368 792 547 834 mentio.
577 793 731 851 Neque
757 791 791 834 si
822 800 867 834 tu
899 789 1114 851 superbus
1140 790 1378 833 amicitiam
1411 800 1604 834 nostram
1632 807 1756 852 spre-

367 872 491 926 visti,
533 871 631 915 ideo
675 888 753 915 nos
797 887 973 931 quoque
1014 867 1455 929 ἀνθυπερηφανοῦμεν.
1486 890 1505 911 >>
1543 872 1759 915 Praeterea

369 968 481 1012 saepe
517 953 632 995 inter
664 950 771 995 alios
802 952 926 1012 jocos
955 952 1279 1012 «purissimum
1305 968 1490 1012 penem,
1510 972 1531 993 »
1562 961 1604 995 et
1632 972 1651 992 c<
1673 952 1754 995 ho-

368 1032 650 1076 muncionem
689 1030 1006 1092 lepidissimum
1029 1052 1048 1072 »
1085 1030 1278 1092 appellat
1307 1049 1316 1074 :
1348 1048 1520 1092 unaque
1549 1041 1591 1075 et
1617 1031 1756 1075 altera

369 1111 630 1156 liberalitate
647 1110 945 1172 locupletavit.
969 1112 1141 1171 Scripta
1165 1111 1343 1171 quidem
1363 1111 1457 1171 ejus
1482 1127 1620 1171 usque
1643 1111 1753 1155 adeo

368 1193 602 1254 probavit,
636 1207 933 1251 mansuraque
966 1201 1180 1252 perpetuo
1213 1192 1421 1252 opinatus
1460 1201 1547 1248 est,
1584 1201 1632 1235 ut
1669 1209 1758 1235 non

369 1272 501 1316 modo
524 1271 726 1316 Seculare
746 1287 923 1315 carmen
945 1271 1299 1332 componendum
1321 1271 1584 1332 injunxerit,
1612 1271 1689 1316 sed
1715 1282 1759 1316 et
1790 1317 1793 1320 ,

370 1352 630 1397 vindelicam
667 1353 900 1396 victoriam
932 1352 1097 1396 Tiberii
1144 1353 1366 1412 Drusique
1406 1353 1715 1414 privignorum
1745 1371 1753 1396 ε

369 1450 560 1495 eumque
596 1434 787 1495 coegerit
822 1442 1005 1494 propter
1039 1433 1144 1487 hoc,
1182 1433 1320 1476 tribus
1351 1433 1598 1476 carminum
1632 1432 1756 1477 libris

370 1533 421 1559 ex
442 1515 575 1576 longo
596 1513 830 1558 intervallo
854 1523 1060 1573 quartum
1077 1512 1235 1556 addere
1254 1530 1261 1556 :
1280 1522 1381 1573 post
1397 1514 1627 1557 Sermones
1648 1531 1756 1574 quo·

371 1613 455 1657 que
486 1595 646 1649 lectos,
671 1593 838 1638 nullam
870 1594 937 1637 sui
965 1593 1231 1637 mentionem
1256 1593 1453 1637 habitam
1481 1595 1540 1637 ita
1563 1594 1619 1638 sit
1646 1612 1757 1655 que-

370 1686 461 1719 stus
488 1693 496 1718 :
525 1675 695 1718 «Irasci
723 1690 792 1717 me
815 1673 895 1716 tibi
915 1674 1050 1729 scito,
1075 1673 1194 1733 quod
1215 1690 1304 1716 non
1330 1673 1374 1716 in
1398 1672 1618 1734 plerisque
1639 1676 1754 1735 ejus-

371 1755 489 1800 modi
516 1755 688 1816 scriptis
714 1770 887 1798 mecum
914 1754 1192 1814 potissimum
1228 1752 1434 1814 loquaris.
1472 1757 1539 1798 An
1566 1755 1759 1813 vereris,

373 1854 425 1880 ne
446 1835 564 1897 apud
582 1844 778 1897 posteros
803 1835 881 1878 tibi
908 1833 1072 1877 infame
1092 1835 1168 1890 sit,
1188 1834 1306 1894 quod
1321 1833 1508 1879 videaris
1529 1834 1757 1880 familiaris

373 1918 499 1961 nobis
525 1915 644 1960 esse?
664 1934 684 1955 n
710 1915 1010 1975 expressitque
1038 1914 1259 1976 eclogam,
1289 1915 1414 1975 cujus
1449 1916 1622 1960 initium
1655 1926 1719 1961 est
1744 1935 1752 1960 :

500 2031 627 2074 Quum
652 2035 710 2063 tot
732 2027 912 2063 sustineas
936 2034 971 2062 et
999 2034 1102 2062 tanta
1127 2026 1279 2074 negotia
1303 2028 1420 2072 solus,

500 2093 573 2126 Res
592 2091 699 2126 italas
720 2090 830 2124 armis
855 2089 1008 2134 tuteris,
1028 2089 1196 2126 moribus
1221 2101 1351 2135 ornes,

500 2153 663 2200 Legibus
687 2151 881 2195 emendes;
907 2151 945 2185 in
966 2151 1117 2199 publica
1137 2151 1339 2186 commoda
1362 2164 1532 2199 peccem,

499 2215 538 2250 Si
560 2216 676 2262 longo
699 2226 872 2249 sermone
898 2226 1024 2248 morer
1050 2220 1110 2248 tua
1134 2220 1323 2261 tempora,
1344 2214 1475 2248 Caesar.

371 2317 579 2359 Horatius
616 2314 769 2358 habitu
814 2315 1010 2375 corporis
1046 2315 1189 2357 brevis
1232 2313 1342 2370 fuit,
1385 2324 1515 2374 atque
1555 2313 1713 2357 obesus
1749 2331 1757 2355 :

372 2396 513 2457 qualis
540 2414 565 2440 a
594 2412 639 2439 se
665 2397 758 2457 ipso
783 2405 824 2439 et
855 2397 899 2439 in
926 2396 1077 2440 Satiris
1105 2394 1382 2451 describitur,
1411 2404 1452 2439 et
1477 2395 1530 2438 ab
1559 2398 1759 2455 Augusto

372 2479 453 2522 hac
473 2476 654 2538 epistola
679 2494 687 2521 :
711 2497 731 2517 «
750 2475 939 2521 Pertulit
963 2475 1016 2519 ad
1039 2493 1106 2519 me
1128 2477 1364 2536 Dionysius
1390 2474 1587 2519 libellum
1610 2485 1756 2529 tuum,

373 2576 502 2618 quem
529 2575 633 2619 ego,
665 2568 713 2602 ut
749 2573 949 2608 accusem
985 2567 1050 2612 te,
1085 2555 1503 2616 quantuluscunque
1534 2565 1623 2612 est,
1652 2555 1756 2597 boni

374 2638 567 2682 consulo.
607 2640 759 2682 Vereri
789 2648 931 2682 autem
972 2637 1077 2680 mihi
1107 2637 1289 2691 videris,
1325 2654 1376 2680 ue
1412 2637 1597 2695 majores
1624 2633 1757 2678 libelli
