1988 3407
632 281 682 315 ΓΝ
718 281 755 315 C.
790 280 821 313 J.
853 277 1112 313 CAESAREM.
1503 291 1514 312 ι
1534 284 1568 320 ’.ι

185 365 220 392 et
242 357 319 405 ipse
344 370 423 393 eam
439 358 486 392 ab
508 356 772 392 Alexandrinis
791 355 975 391 didicerat
986 383 995 398 ‚
1010 361 1164 388 auctore
1179 355 1349 388 Macrob.
1361 383 1369 399 ‚
1382 354 1449 389 ubi
1468 367 1548 402 sup.
1564 368 1573 389 t

185 438 199 450 ·
225 420 322 454 Nam
348 419 470 455 Julius
495 419 615 455 caesar
638 425 681 453 ut
701 417 867 454 siderum
886 423 1032 459 motus,
1059 415 1105 450 de
1137 414 1276 462 quibus
1300 428 1379 451 non
1401 415 1576 452 indoctos

183 479 302 516 libros
324 480 499 528 reliquit,
529 480 576 515 ab
597 479 764 528 :egyptiis
789 477 995 525 disciplinis
1020 476 1167 521 hausit3
1187 476 1236 511 ita
1255 476 1328 511 hoc
1347 489 1504 525 quoque
1529 490 1576 513 ex

183 541 314 578 eadem
342 542 579 578 institutione
593 547 786 576 mutuatus
804 547 857 575 est
873 568 882 584 ‚
908 546 950 573 ut
975 538 1023 574 ad
1037 538 1125 574 solis
1146 551 1297 574 cursum
1318 537 1474 575 finiendi
1489 539 1576 575 anni

183 611 334 652 tempus
362 604 592 640 extenderet.
611 620 625 633 »

239 677 344 711 Duos
363 677 470 711 alios.
491 675 648 710 Diei-um
669 681 811 720 septem
837 680 873 708 et
892 674 1094 722 sexaginta.
1118 675 1303 717 Censen„
1323 673 1371 708 de
1384 673 1457 708 Die
1474 681 1548 709 nat.
1562 699 1575 717 ,

184 750 218 781 1,
248 749 308 772 20.

241 809 331 844 CAP.
354 807 455 843 XLI.
473 807 745 855 Supplevit.——
767 806 984 841 Senatorum
1005 806 1103 841 enim
1128 818 1306 841 numerus
1329 805 1436 841 bellis
1457 805 1578 841 civili-

184 869 256 905 bus
271 867 489 904 imminutus
502 868 624 903 suerat
639 868 707 903 :ad
719 874 932 916 nongentos
942 867 1018 902 scre
1031 879 1229 902 numerum
1243 866 1432 914 ampliavit
1446 868 1577 903 Caesar.

185 931 286 976 nto,
308 942 405 966 xun
421 941 480 978 ,p.
497 942 570 976 227
596 943 604 965 :
625 932 740 970 Μῃὸὲν
761 932 944 980 διακρίνων,
963 935 1079 980 μήτ-ἐἴ
1092 949 1139 973 τις
1158 935 1373 980 στρατιώτης,
1396 938 1472 980 μήτ’
1486 934 1515 967 εἴ
1533 948 1580 972 τις

192 998 250 1031 ἀπ’
276 999 434 1043 ἐλευθέρου
452 999 531 1036 παῖς
548 995 595 1034 ἦν’
617 999 702 1030 ὥστε
725 997 780 1030 καὶ
803 997 1017 1035 ἐννεακισίευς
1040 998 1076 1030 τὸ
1095 998 1265 1041 κεφάλαιον
1290 998 1394 1030 αὐτῶν
1419 998 1579 1042 γενέσθαι.

242 1063 398 1111 Allegie.
424 1063 471 1099 11.
492 1075 524 1098 e.
548 1075 666 1098 novas
691 1062 847 1098 familias
869 1061 907 1097 in
933 1062 1016 1097 illos
1047 1062 1253 1109 assumpsit.
1281 1062 1364 1107 Sic,
1391 1061 1430 1096 in
1454 1068 1548 1109 Aug.
1567 1089 1576 1104 ‚

184 1137 216 1160 u
238 1138 246 1159 :
267 1141 282 1156 ι
300 1125 352 1161 Ea
372 1137 462 1174 gens
484 1137 505 1161 a
521 1125 732 1173 Tarquinio
755 1125 883 1160 Prisco
911 1137 999 1173 rege
1017 1125 1114 1160 inter
1138 1136 1311 1159 romanas
1332 1130 1460 1172 gentes
1480 1125 1578 1158 alle-

187 1194 260 1220 cta.
278 1201 297 1218 ι»
321 1187 365 1222 In
391 1186 449 1222 his
469 1188 622 1222 allectus
642 1187 785 1222 Cicero.

243 1257 465 1292 Proetorum.
482 1260 601 1293 Antea
615 1257 765 1293 fuerant
785 1264 894 1301 octo3
913 1256 1041 1291 decem
1062 1256 1160 1291 fecit.
1174 1277 1226 1283 —
1239 1257 1346 1290 Duos
1359 1256 1490 1289 aedilcs
1509 1254 1581 1290 ad-

183 1319 272 1365 jecit
296 1331 316 1354 e
339 1319 462 1367 plebe.

248 1382 494 1426 Quaeslorum.
526 1382 600 1417 Sex
631 1381 747 1417 fuere.
786 1382 873 1416 Duo
912 1379 1127 1425 novissimi,
1162 1381 1326 1414 cereales
1356 1378 1465 1423 dicti,
1494 1377 1581 1413 ideo

186 1441 295 1487 quod
310 1442 501 1478 frumento
515 1450 713 1490 praeerant.
730 1444 942 1486 Ouoestores
963 1441 1213 1490 quadraginta
1227 1440 1325 1475 fecit.
1340 1440 1438 1475 Vide
1456 1440 1583 1474 Bam„—

186 1516 298 1539 cnr.
314 1511 350 1539 et
373 1505 489 1540 Hasz.

242 1566 431 1601 stlinorum
444 1567 741 1613 magistratuum.
764 1565 913 1610 Quibus
931 1578 1057 1614 neque
1083 1564 1250 1612 auspicia
1270 1576 1436 1608 servare,
1457 1575 1583 1610 neque

185 1627 411 1663 obnuntiare
427 1627 590 1663 comitiis
611 1627 760 1663 licebat.

239 1699 420 1734 Nudatos.
441 1700 488 1735 Η.
511 1711 541 1734 e.
572 1698 708 1734 ordine
735 1711 805 1734 suo
831 1699 989 1746 ejectos,
1015 1711 1094 1746 quo
1118 1711 1228 1734 sensu
1247 1698 1365 1732 nudos
1392 1696 1483 1732 dicit
1506 1697 1582 1734 Cic.

187 1760 243 1794 ad
270 1763 369 1803 Am,
395 1773 433 1805 1,
465 1759 508 1795 15
542 1774 549 1795 :
581 1761 818 1808 «Nunquam
845 1761 997 1808 turpior
1029 1761 1067 1795 in
1099 1759 1192 1795 ludo
1225 1759 1358 1794 talario
1391 1771 1584 1795 consessus

187 1821 257 1856 fuit
284 1833 292 1855 :
317 1822 497 1856 maculosi
520 1829 736 1866 senatores,
763 1821 858 1857 nudi
884 1822 1041 1870 equites.
1066 1839 1081 1854 υ

247 1894 370 1940 Opere
388 1893 566 1927 censorio.
587 1893 633 1927 H.
654 1904 684 1927 e.
711 1905 781 1939 per
802 1905 984 1928 censores.

244 1963 418 1998 Comitia.
448 1964 515 1998 Jus
542 1962 828 2010 magistratuum
856 1965 1013 1999 comitiis
1033 1963 1307 2006 creandorum,
1337 1975 1454 2009 quum
1477 1969 1584 1998 antea

188 2025 346 2060 comc'tiis·
368 2026 585 2060 centuriatis
605 2024 846 2073 eligerentur.

243 2087 560 2135 Compcu'ton'bus.
578 2085 713 2122 Caesari
734 2088 952 2123 consulatus
971 2091 1014 2123 A.
1030 2089 1077 2124 U.
1105 2087 1177 2133 708
1200 2087 1237 2121 in
1262 2086 1487 2121 decennium
1501 2097 1584 2120 cum

191 2148 377 2184 dictatura
398 2147 571 2184 decretus
594 2147 732 2192 suerat,
760 2147 810 2184 ita
830 2155 871 2183 ut
891 2148 958 2196 qui
983 2156 1114 2196 postea
1134 2149 1370 2184 consulatum
1394 2146 1587 2194 petierunt

191 2210 272 2256 ejus
299 2210 560 2259 competitores
598 2209 760 2253 fuerint,
795 2222 840 2245 ex
871 2210 1010 2259 quibus
1042 2211 1203 2259 collegas
1233 2210 1302 2246 sibi
1328 2221 1396 2245 suo
1427 2207 1585 2244 arbitrio

189 2271 312 2320 elegit.

251 2343 429 2378 Teneone.
461 2345 508 2380 H.
535 2356 566 2379 e.
587 2345 805 2385 obtineant,
830 2353 870 2379 ut
899 2343 995 2388 Cic.,
1018 2345 1066 2379 de
1095 2345 1198 2387 Fin„
1224 2356 1273 2385 Π,
1309 2355 1350 2388 17
1380 2354 1389 2376 ε
1416 2358 1430 2373 α
1447 2340 1587 2376 Tenuit

189 2416 431 2454 permagnam
457 2405 634 2442 Sextilius
654 2406 923 2443 haereditatem.
942 2422 957 2438 ι

242 2466 548 2514 Proser-iptorum.
581 2468 752 2517 Intellige
778 2481 799 2505 a
825 2469 928 2504 Sulla
949 2480 958 2503 ε
985 2473 1119 2503 contra
1145 2465 1327 2502 nefariam
1352 2465 1471 2514 legem
1503 2476 1587 2512 quae

190 2539 208 2561 a
228 2527 330 2562 Sulla
353 2530 396 2563 Α.
417 2529 463 2565 U.
483 2528 558 2574 673
585 2529 659 2565 lata
685 2530 819 2566 fuerat.

244 2589 410 2638 Redegie.
437 2592 595 2627 Causam
621 2592 756 2628 edocet
775 2593 848 2629 Dio
864 2621 873 2638 ,
899 2604 1067 2640 xun‚p.
1091 2591 1166 2626 226
1191 2604 1198 2625 :
1227 2587 1324 2633 ὁπως
1338 2597 1373 2626 τὲ
1394 2593 1587 2638 καθαρώτα-

193 2667 246 2687 τον
270 2656 320 2688 ὅτι
347 2658 494 2701 μάλιστα.
516 2658 567 2692 iul
582 2656 719 2697 δικάζει-

245 2710 458 2747 Recensum.
475 2713 521 2748 H.
536 2726 581 2758 e.,
603 2721 703 2749 recte
716 2723 894 2751 monente
914 2715 1056 2763 Lipsio,
1076 2727 1152 2748 nnn
1176 2726 1304 2749 censu.»
1322 2712 1502 2753 lustralis,
1522 2710 1588 2746 sed
