1971 3342
438 270 450 292 1
460 256 506 291 88
959 251 998 287 C.
1028 249 1255 285 SUETONII

434 336 729 399 poenitentiam
762 332 995 388 simulans,
1031 330 1146 393 quod
1182 328 1486 390 principalium
1522 345 1665 372 rerum
1698 330 1785 390 pri-

434 419 542 462 vatis
577 417 745 477 copiam
777 414 945 458 faceret.
980 413 1289 470 Compererat,
1323 406 1633 469 provincialem
1668 407 1785 452 locu-

435 496 591 558 pletem
615 495 800 538 ducenta
824 492 1018 536 sestertia
1042 505 1291 533 numerasse
1315 488 1613 544 vocatoribus,
1636 496 1686 531 ut
1712 504 1787 548 per

436 575 651 620 fallaciam
678 573 879 618 convivio
903 572 1272 630 interponeretur,
1295 584 1374 611 nec
1399 567 1558 611 tulerat
1581 566 1786 622 moleste,

438 666 523 698 tam
554 670 711 715 magno
736 651 939 696 aestimari
965 650 1177 693 honorem
1203 664 1332 691 coenae
1354 664 1453 691 suae.
1479 648 1591 690 Huic
1615 656 1790 707 postero

438 735 507 778 die
539 734 701 777 sedenti
738 733 782 774 in
820 729 1024 774 auctione
1057 729 1199 783 misit,
1234 728 1307 787 qui
1342 727 1485 770 nescio
1516 726 1620 786 quid
1649 724 1787 769 frivoli

439 811 634 857 ducentis
670 810 859 855 millibus
895 809 1114 862 traderet,
1154 807 1431 867 diceretque,
1468 826 1488 847 (t
1521 816 1792 850 coenaturum

440 895 555 955 apud
583 896 819 945 Caesarem,
847 899 1002 934 vocatu
1031 889 1176 949 ipsius.
1203 908 1222 929 υ

505 976 597 1016 XL.
635 970 875 1030 Vectigalia
913 985 1024 1012 nova
1064 978 1194 1027 atque
1235 966 1457 1021 inaudita,
1497 968 1682 1026 primum
1720 983 1796 1026 per

442 1052 719 1114 publicanos,
743 1049 896 1093 deinde
912 1084 922 1103 ,
947 1050 1049 1108 quia
1074 1046 1242 1090 lucrum
1269 1046 1556 1101 exuberabat,
1585 1062 1661 1106 per
1697 1061 1796 1088 cen-

444 1134 634 1176 turiones
659 1131 944 1188 tribunosque
966 1127 1244 1188 praetorianos
1269 1127 1478 1180 exercuit,
1504 1124 1624 1169 nullo
1650 1141 1794 1168 rerum

443 1222 517 1256 aut
550 1212 777 1255 hominum
815 1224 970 1269 genere
1009 1207 1166 1250 omisso
1187 1241 1197 1260 ,
1235 1207 1303 1249 cui
1334 1223 1420 1249 non
1454 1205 1605 1248 tributi
1635 1204 1799 1264 aliquid

445 1294 696 1352 imponeret.
722 1293 807 1334 Pro
837 1287 1058 1341 edulibus,
1083 1302 1178 1346 quae
1205 1295 1293 1328 tota
1320 1285 1440 1329 Urbe
1463 1286 1684 1338 venirent,
1709 1301 1799 1327 cer-

449 1383 537 1415 tum
563 1379 856 1428 statutumque
876 1367 1156 1428 exigebatur:
1184 1382 1262 1425 pro
1290 1365 1434 1408 litibus
1457 1374 1585 1424 atque
1605 1364 1799 1423 judiciis,

448 1451 694 1509 ubicunque
731 1447 977 1506 conceptis,
1019 1444 1345 1505 quadragesima
1385 1461 1587 1500 summae,
1626 1443 1677 1485 de
1716 1459 1801 1502 qua

448 1528 717 1589 litigaretur3
741 1544 817 1570 nec
846 1527 937 1568 sine
966 1540 1117 1584 poena,
1143 1525 1176 1566 si
1204 1525 1297 1582 quis
1321 1524 1610 1583 composuisse
1635 1521 1700 1565 vel
1725 1521 1801 1564 do-

449 1625 570 1651 nasse
604 1607 824 1667 negotium
860 1605 1191 1648 convinceretur
1226 1620 1235 1645 :
1269 1619 1319 1645 ex
1351 1601 1599 1662 gerulorum
1638 1601 1801 1644 diurnis

450 1688 687 1747 quaestibus
730 1702 827 1746 pars
872 1694 1021 1727 octava
1044 1718 1056 1737 ,
1106 1699 1154 1725 ex
1198 1683 1388 1741 capturis
1438 1682 1766 1742 prostitutarum
1792 1714 1802 1733 ,

450 1777 661 1826 quantuni
693 1781 873 1825 quaeque
904 1780 991 1806 uno
1021 1763 1254 1805 concubitu
1283 1771 1480 1804 mereret.
1509 1760 1804 1819 Additumque

452 1845 505 1888 ad
531 1856 661 1906 caput
686 1844 817 1905 legis,
846 1853 893 1886 ut
922 1852 1173 1886 tenerentur
1198 1840 1398 1901 publico,
1423 1850 1464 1883 et
1490 1856 1585 1899 quae
1614 1839 1806 1882 meretri—

450 1926 561 1969 cium
581 1960 592 1978 ,
627 1935 668 1967 et
701 1925 772 1984 qui
806 1922 1068 1966 lenocinium
1101 1921 1325 1975 fecissent,
1356 1936 1435 1962 nec
1467 1936 1553 1962 non
1587 1928 1627 1961 et
1660 1918 1805 1961 matri·

452 2005 598 2048 monia
622 2004 806 2047 obnoxia
828 2013 982 2046 essent.

514 2086 628 2127 XLI.
656 2082 881 2142 Ejusmodi
906 2079 1182 2140 vectigalibus
1215 2079 1410 2135 indictis,
1435 2094 1573 2138 neque
1606 2078 1805 2138 proposi·

454 2164 535 2218 tis,
569 2177 702 2221 quum
734 2177 810 2220 per
838 2160 1126 2220 ignorantiam
1156 2159 1379 2217 scripturae
1409 2158 1545 2201 multa
1578 2157 1804 2201 commissa

454 2242 632 2296 fierent,
658 2239 831 2283 tandein
857 2239 1078 2299 flagitante
1105 2236 1268 2298 populo
1293 2238 1519 2298 proposuit
1545 2236 1718 2297 quidem
1749 2234 1805 2278 le-

454 2338 570 2382 gem,
592 2320 663 2364 scd
692 2330 733 2363 et
756 2319 1051 2363 minutissimis
1080 2317 1259 2373 litteris,
1285 2328 1327 2360 ct
1349 2318 1654 2377 angustissimo
1684 2315 1807 2370 loco,

456 2401 516 2443 uti
543 2416 593 2443 ne
615 2401 684 2442 cui
708 2398 948 2442 describere
969 2397 1129 2440 liceret.
1151 2398 1233 2452 Ac,
1258 2413 1309 2439 ne
1333 2396 1450 2456 quod
1471 2413 1558 2439 non
1583 2395 1805 2439 manubia-

455 2496 552 2522 rum
589 2495 725 2539 genus
751 2478 1040 2538 experiretur,
1069 2475 1251 2534 lupanar
1281 2477 1323 2517 in
1356 2474 1520 2519 Palatio
1550 2474 1770 2518 constituit
1796 2491 1804 2515 ε

457 2558 751 2617 distinctisque
773 2567 814 2600 et
837 2556 1054 2599 instructis
1075 2571 1152 2614 pro
1174 2554 1256 2598 loci
1280 2554 1491 2615 dignitato
1511 2552 1808 2613 compluribus

458 2637 592 2690 cellis,
614 2637 654 2679 in
679 2632 834 2695 quibus
863 2644 1065 2677 matronae
1091 2634 1352 2692 ingenuique
1379 2642 1561 2687 starent,
1587 2632 1701 2675 misit
1726 2633 1807 2675 cir-
