1971 3342
413 240 424 261 1
438 241 451 262 ι
461 233 482 269 Δ.
927 220 965 254 C.
994 219 1223 254 SUFTONII

406 310 578 355 Tiberio
596 309 648 353 ad
666 308 928 352 destinatum
947 304 1087 348 locum
1106 302 1342 347 contendit.
1361 302 1444 346 Sed
1463 304 1507 346 in
1526 303 1764 361 redeundo,

410 398 643 452 aggravata
665 387 935 441 valetudine,
962 384 1134 428 tandem
1157 383 1280 428 Nolae
1309 384 1534 427 succubuit
1557 401 1565 427 :
1594 401 1767 428 revoca-

408 480 588 530 tumque
603 485 651 513 ex
668 469 821 512 itinere
835 465 1057 509 Tiberium
1077 463 1150 507 diu
1172 474 1336 507 secreto
1352 479 1548 506 sermone
1559 463 1743 507 detinuit
1756 499 1768 520 ,

410 565 549 609 neque
579 557 675 609 post
703 545 780 592 ulli
806 545 959 605 majori
986 544 1160 604 negotio
1191 544 1381 587 animum
1414 542 1766 586 accommodavit.

470 630 629 674 XCIX.
657 629 869 688 Supremo
895 625 987 680 die,
1014 622 1248 667 identidem
1274 624 1502 683 exquirens
1527 639 1583 666 an
1604 623 1694 683 jam
1719 623 1772 666 de

408 727 452 754 se
488 707 700 753 tumultus
734 705 837 750 foris
873 714 1009 761 esset,
1047 704 1181 765 petito
1219 702 1413 764 spiculo,
1449 701 1654 763 capillum
1690 703 1771 746 sibi

409 789 544 845 comi,
569 805 618 832 ac
648 786 779 831 malas
805 785 998 829 labentes
1028 784 1209 844 corrigi,
1234 784 1452 844 praecepit.
1479 785 1536 827 Et
1566 782 1774 826 admissos

408 870 567 914 amicos
592 875 871 928 percontatus
887 900 898 922 ,
924 864 1127 925 «Ecquid
1154 865 1205 908 iis
1230 863 1451 907 videretur
1475 864 1655 906 mimum
1678 863 1775 905 vitae

410 948 636 994 commode
658 947 969 1007 transegisse,»
994 944 1150 1006 adjecit
1175 953 1217 988 et
1240 942 1478 988 clausulam
1505 960 1514 986 ε

539 1082 582 1119 Fi
609 1080 655 1119 ἑὲ
678 1081 754 1117 ’,τᾶν
779 1078 865 1130 ἔχει
890 1077 1032 1119 καλῶς,
1057 1078 1111 1126 τῷ
1131 1076 1298 1129 παιγνίῳ

537 1144 634 1180 Δότε
655 1143 792 1191 κρότον,
809 1143 873 1179 καὶ
893 1143 1038 1179 ’πάντες
1061 1139 1165 1191 ὑμεῖς
1183 1142 1286 1185 μετὰ
1299 1140 1426 1190 χαρᾶς
1446 1137 1688 1177 mmmmm.

413 1259 627 1305 Omnibus
656 1258 810 1302 deinde
833 1257 1039 1314 dimissis,
1067 1256 1173 1301 dum
1200 1255 1475 1300 advenientes
1501 1257 1554 1299 ab
1579 1256 1699 1301 Urbe
1725 1256 1777 1300 de

413 1339 548 1385 Drusi
573 1338 660 1383 filia
683 1355 797 1399 aegra
821 1339 1081 1398 interrogat,
1109 1347 1285 1396 repente
1310 1337 1353 1380 in
1379 1334 1534 1380 osculis
1557 1337 1711 1393 Liviae,
1737 1346 1779 1380 et

414 1421 458 1463 in
480 1420 560 1463 hac
581 1435 684 1462 voce
705 1417 859 1461 defecit
879 1434 888 1460 z
911 1417 1090 1473 «Livia,
1112 1417 1249 1460 nostri
1270 1416 1458 1477 conjugii
1480 1432 1645 1459 memor
1664 1417 1779 1470 vive,

416 1515 465 1543 ac
502 1497 650 1554 vale3»
685 1498 862 1542 sortitus
899 1497 1063 1540 exitum
1099 1495 1290 1552 facilem,
1328 1505 1369 1539 et
1406 1494 1575 1556 qualem
1614 1512 1785 1556 semper

418 1587 658 1639 optaverat.
697 1579 810 1621 Nam
848 1577 960 1634 fere,
995 1576 1166 1636 quoties
1201 1575 1417 1632 audisset,
1455 1577 1540 1619 cito
1577 1592 1626 1619 ac
1662 1574 1782 1618 nullo

418 1659 611 1702 cruciatu
641 1657 896 1701 defunctum
921 1657 1195 1717 quempiam,
1223 1656 1302 1699 sibi
1332 1666 1374 1699 et
1407 1656 1493 1699 suis
1524 1652 1784 1700 εὖθανασίαν

420 1737 599 1781 similem
635 1738 749 1797 (hoc
783 1738 897 1780 enim
934 1745 974 1780 et
1014 1736 1158 1783 verbo>
1184 1737 1248 1779 uti
1284 1734 1476 1796 solebat)
1511 1735 1781 1796 precabatur.

419 1820 569 1862 Unum
599 1818 777 1860 omnino
811 1827 911 1860 ante
945 1815 1132 1859 efflatam
1167 1816 1356 1858 animam
1391 1816 1560 1876 signum
1593 1814 1787 1858 alienatae

422 1897 576 1940 mentis
600 1895 812 1951 ostendit,
833 1895 971 1956 quod,
995 1896 1137 1939 subito
1159 1895 1428 1956 pavefactUS,
1452 1911 1476 1938 a
1498 1894 1786 1954 quadraginta

422 1994 465 2020 se
482 1976 713 2037 Juvenibus
735 1975 894 2037 abripi,
919 1985 1095 2035 questus
1113 1984 1188 2017 est.
1208 1973 1259 2017 ld
1280 1990 1453 2033 quoque
1472 1974 1607 2035 magis
1629 1989 1786 2033 praesa-

422 2056 563 2116 gium,
591 2071 722 2114 quam
752 2055 908 2097 mentis
940 2053 1202 2108 deminutio,
1232 2053 1337 2107 fuit3
1370 2052 1580 2111 siquidem
1610 2052 1788 2096 totidem

423 2134 578 2177 milites
603 2133 850 2193 praetoriani
876 2132 1125 2175 extulerunt
1154 2148 1253 2175 cum
1278 2133 1321 2174 in
1345 2131 1581 2192 publicum.

488 2214 536 2256 C.
579 2213 702 2256 Obiit
746 2213 789 2254 in
832 2210 1033 2255 cubiculo
1076 2211 1227 2254 codem
1269 2227 1356 2270 quo
1397 2220 1520 2271 pater
1556 2211 1788 2268 Octavius,

425 2291 595 2335 duobus
629 2292 794 2347 Sextis,
828 2291 1036 2351 Pompeio
1070 2299 1111 2333 et
1144 2288 1383 2351 Appuleio,
1414 2289 1683 2347 consulibus,
1718 2290 1789 2333 de-

425 2372 535 2415 cimo
576 2381 733 2432 quarto
775 2370 993 2415 Kalendas
1036 2371 1327 2431 Septembris,
1370 2371 1477 2413 hora
1523 2370 1606 2414 diei
1649 2386 1790 2426 nona,

427 2454 742 2513 septuagesimo
774 2462 817 2496 et
847 2462 965 2496 sexto
997 2452 1132 2494 aetatis
1167 2467 1306 2507 auno,
1341 2450 1490 2494 diebus
1526 2451 1718 2510 quinque
1749 2459 1791 2492 ct

426 2532 604 2592 triginta
628 2533 786 2575 minus.
813 2535 984 2592 Corpus
1016 2530 1268 2573 decuriones
1297 2530 1631 2591 municipiorum
1654 2538 1697 2571 ct
1720 2546 1791 2572 co-

430 2608 642 2653 loniarum
673 2628 695 2653 a
723 2610 835 2654 Nola
866 2608 1050 2654 Bovillas
1081 2626 1215 2667 usque
1246 2608 1532 2668 deportarunt
1564 2608 1791 2663 noctibuS,
