1971 3342
431 226 501 267 254
959 225 996 259 C.
1021 225 1248 260 SUETONII

429 317 523 351 cata
542 307 768 361 conflavit,
788 307 829 349 in
850 307 914 349 his
937 309 1155 366 penatium
1181 306 1356 350 deorum
1372 339 1384 362 ,
1407 321 1500 365 quae
1515 322 1614 349 mox
1629 305 1767 350 Galba

430 387 628 429 restituit.

491 466 694 508 XXXIII.
721 464 955 508 Parricidia
983 474 1024 508 et
1056 465 1186 509 caedes
1210 482 1233 509 a
1259 464 1438 510 Claudio
1464 480 1637 508 exorsus
1669 474 1733 508 est
1757 482 1766 507 :

429 544 548 603 cujus
574 545 685 587 necis
711 546 789 588 etsi
812 560 899 587 non
924 553 1090 600 auctor,
1118 554 1161 588 at
1190 545 1384 588 conscius
1408 544 1511 599 fuit;
1533 559 1669 603 neque
1687 543 1770 587 dis-

429 621 694 678 simulanter,
723 632 771 666 ut
793 624 866 682 qui
889 621 1078 678 boletos,
1105 624 1149 667 in
1175 640 1260 683 quo
1283 624 1366 667 cibi
1390 639 1542 684 genere
1559 638 1768 666 venenum

428 703 462 744 is
498 711 746 761 acceperat,
776 701 897 761 quasi
924 701 1100 745 deorum
1129 703 1298 758 cibum,
1327 703 1506 763 posthac
1540 702 1769 762 proverbio

428 795 563 838 graeco
595 779 838 823 collaudare
864 781 917 824 sit
941 779 1103 824 solitus.
1132 783 1258 825 Certe
1281 782 1477 825 omnibus
1503 797 1648 824 rerum
1674 796 1769 824 ver-

426 857 665 918 borumque
702 858 970 902 contumeliis
1004 868 1223 903 mortuum
1254 861 1485 904 insectatus
1517 870 1603 915 est,
1642 859 1771 902 modo

426 935 635 991 stultitiae,
651 937 778 980 modo
799 939 965 981 saevitiae
984 955 1177 999 arguens.
1195 940 1306 983 Nam
1321 949 1363 982 et
1376 943 1540 983 morari
1550 955 1645 982 eum
1662 940 1772 982 inter

427 1016 622 1060 homines
661 1016 842 1072 desisse,
874 1017 1085 1077 producta
1119 1019 1257 1078 prima
1298 1017 1477 1078 syllaba,
1504 1018 1730 1077 jocabatur
1761 1036 1768 1060 :

426 1094 645 1154 multaque
675 1095 842 1139 decreta
867 1106 909 1139 et
934 1098 1188 1151 constituta,
1218 1107 1263 1139 ut
1287 1097 1523 1155 insipientis
1548 1105 1676 1155 atque
1704 1096 1774 1138 de-

426 1172 518 1228 liri,
542 1189 620 1232 pro
646 1174 776 1217 irritis
809 1174 973 1218 habuit.
999 1176 1197 1234 Denique
1220 1175 1394 1218 bustum
1419 1176 1508 1233 ejus
1536 1174 1745 1234 consepiri
1762 1208 1772 1228 ,

425 1253 506 1294 nisi
531 1252 684 1296 humili
707 1252 874 1313 levique
900 1255 1106 1309 maceria,
1128 1253 1328 1314 neglexit.
1349 1254 1667 1309 Britannicum,
1686 1269 1770 1296 non

426 1331 566 1373 minus
592 1331 863 1376 aemulatione
887 1333 1024 1388 vocis,
1045 1349 1138 1392 quae
1160 1332 1220 1375 illi
1241 1332 1476 1392 jucundior
1501 1332 1772 1392 suppetebat,

424 1425 553 1468 quam
579 1420 716 1464 metu,
743 1427 795 1453 ne
823 1410 1080 1471 quandoque
1107 1410 1221 1470 apud
1245 1411 1468 1454 hominum
1497 1412 1675 1471 gratiam
1703 1427 1773 1469 pa-

425 1497 547 1530 terna
572 1491 777 1531 memoria
804 1489 1076 1548 praevaleret,
1104 1506 1269 1532 veneno
1291 1506 1516 1549 aggressus
1539 1500 1610 1532 est.
1641 1489 1769 1545 Quod

424 1576 642 1625 acceptum
658 1583 680 1609 a
696 1567 880 1626 quadam
895 1569 1080 1610 Locusta
1092 1602 1102 1622 ,
1119 1569 1442 1611 venenariorum
1458 1567 1622 1623 inclita,
1637 1584 1770 1627 quum

423 1646 625 1704 opinione
653 1645 815 1689 tardius
842 1646 1036 1701 cederet,
1056 1657 1204 1689 ventre
1225 1647 1351 1689 modo
1378 1648 1612 1690 Britannici
1631 1656 1771 1703 moto3

423 1727 666 1769 arcessitam
692 1726 913 1769 mulierem
931 1744 1006 1770 sua
1027 1744 1156 1770 manu
1183 1728 1440 1779 verberavit,
1469 1743 1670 1786 arguens,
1693 1743 1772 1787 pro

423 1822 588 1849 veneno
610 1806 849 1849 remedium
876 1806 1039 1850 dedisse
1068 1824 1077 1850 ε
1100 1808 1431 1865 excusantique,
1457 1808 1597 1850 minus
1624 1806 1771 1850 datum

423 1884 477 1927 ad
496 1883 795 1928 occultandam
812 1886 1012 1928 facinoris
1030 1886 1254 1941 invidiam3
1276 1887 1438 1941 «Sane,
1456 1904 1476 1925 »
1502 1886 1661 1943 inquit,
1685 1904 1703 1924 ι(
1718 1883 1773 1927 le-

421 1979 516 2023 gem
550 1963 707 2007 Juliam
742 1965 871 2008 timeo
900 1981 909 2008 :
934 1984 955 2006 >2
987 1966 1210 2025 coegitque
1241 1981 1284 2006 se
1317 1980 1460 2006 coram
1496 1964 1538 2005 in
1574 1963 1771 2006 cubiculo

422 2059 551 2101 quam
589 2053 730 2102 posset
763 2043 1076 2087 velocissimum
1111 2060 1159 2085 ac
1193 2052 1534 2102 praesentaneum
1572 2059 1770 2102 coquere.

421 2121 586 2164 Deinde
624 2123 666 2164 in
703 2122 824 2165 haedo
858 2132 1080 2181 expertus,
1106 2131 1331 2181 postquam
1358 2123 1392 2165 is
1424 2123 1614 2181 quinque
1645 2122 1771 2165 horas

422 2201 657 2260 protraxit,
686 2202 842 2244 iterum
865 2218 913 2245 ac
934 2203 1085 2262 saepius
1116 2211 1358 2256 recoctum,
1384 2200 1573 2261 porcello
1600 2201 1768 2260 objecit.

422 2281 522 2336 Quo
540 2281 683 2323 statim
702 2281 967 2336 exanimato,
990 2280 1135 2324 inferri
1156 2282 1197 2323 in
1220 2279 1476 2334 triclinium,
1495 2280 1674 2340 darique
1695 2297 1770 2324 coe-

424 2359 540 2401 nanti
566 2375 707 2402 secum
733 2360 981 2403 Britannico
1008 2361 1245 2420 imperavit.
1268 2362 1321 2403 Et
1349 2376 1481 2419 quum
1507 2358 1576 2402 ille
1604 2359 1657 2402 ad
1686 2359 1770 2418 pri-

424 2455 541 2481 mum
567 2448 738 2499 gustum
770 2439 1044 2493 concidisset,
1070 2438 1273 2482 comitiali
1302 2440 1453 2481 morbo
1475 2455 1523 2481 ex
1546 2447 1768 2482 consuetu-

365 2539 367 2541 ·
423 2518 522 2561 dine
561 2528 808 2578 correptum
842 2518 957 2578 apud
989 2519 1188 2561 convivas
1217 2520 1469 2573 ementitus,
1500 2527 1672 2577 postero
1699 2516 1767 2559 (lie

422 2597 575 2655 raptim
603 2599 712 2640 inter
733 2598 939 2645 maximos
961 2597 1116 2640 imbres
1143 2596 1405 2640 translaticio
1428 2594 1577 2639 extulit
1602 2595 1763 2638 funere.
