1971 3342
406 237 473 279 1515
936 240 973 274 C.
999 239 1228 275 SUETONII

401 321 587 375 adesset;
607 321 785 379 deinde,
807 339 953 366 errore
973 322 1162 374 detecto,
1190 333 1231 366 et
1253 323 1415 379 occidi,
1442 340 1496 367 ne
1521 322 1759 384 divulgaret

402 401 619 461 injuriam.
660 403 933 447 Carnificinae
978 396 1069 463 eju-s
1112 403 1357 448 ostenditur
1397 403 1518 448 locus
1556 404 1733 464 Capreis
1750 437 1762 459 ⁷

402 481 516 525 unde
539 481 789 539 damnatos,
816 492 915 542 post
941 481 1071 544 longa
1101 493 1142 527 et
1160 484 1372 543 exquisita
1398 492 1633 538 tormenta,
1655 499 1763 543 prae-

402 563 572 622 cipitari
607 550 753 607 coram
787 579 830 606 se
863 563 907 606 in
942 579 1061 607 mare
1089 563 1294 623 jubebat,
1319 563 1562 623 excipiente
1588 561 1761 607 classia-

401 642 567 685 riorum
593 659 748 699 manu,
774 652 817 686 et
844 643 983 686 contis
1009 652 1138 703 atque
1163 644 1293 687 remis
1321 642 1505 687 elidente
1527 642 1736 687 cadavera
1752 675 1763 696 ‚

401 738 454 764 ne
479 722 548 765 cui
582 721 743 765 residui
770 722 947 783 spiritus
974 724 1207 783 quicquam
1234 724 1404 767 inesset.
1434 723 1766 783 Excogitaverat

403 810 545 843 autem
572 801 684 845 inter
708 818 862 862 genera
892 803 1110 847 cruciatus
1141 804 1296 859 etiam,
1327 812 1377 846 ut
1404 801 1523 863 larga
1556 801 1662 845 meri
1686 817 1764 860 po-

402 879 517 923 tione
544 896 618 940 per
643 880 854 926 fallaciam
877 891 1102 937 oneratos,
1128 891 1304 942 repente
1334 882 1512 925 veretris
1542 879 1763 940 deligatis,

401 957 675 1003 fidicularum
703 961 830 1005 simul
848 963 1070 1021 urinaeque
1086 970 1302 1016 tormento
1326 960 1602 1004 distenderet.
1631 957 1764 1016 Quod

402 1038 483 1081 nisi
514 1055 614 1083 eum
647 1051 689 1084 et
715 1058 832 1085 mors
861 1042 1227 1102 pi‘aevenisset7et
1255 1039 1506 1100 Thrasyllus
1538 1037 1764 1093 consulto,

403 1128 450 1161 ut
474 1118 616 1175 aiunt,
644 1119 815 1164 differre
842 1120 1039 1180 quaedam
1066 1136 1141 1180 spe
1170 1118 1378 1180 longioris
1406 1119 1504 1161 vitae
1533 1115 1766 1176 compulis-

402 1207 486 1251 set3
520 1198 666 1259 plures
694 1198 916 1260 aliquanto
943 1209 1200 1255 necaturus,
1230 1215 1278 1242 ac
1305 1215 1359 1241 ne
1387 1196 1564 1258 reliquis
1589 1195 1766 1256 quidem

402 1278 631 1337 nepotibus
652 1295 858 1339 parsurus
881 1279 1093 1335 creditur3
1113 1295 1250 1338 quum
1273 1287 1315 1321 et
1334 1277 1491 1321 Caium
1515 1285 1764 1337 suspectum

401 1356 597 1413 haberet,
616 1369 658 1402 et
676 1359 920 1413 Tiberium,
941 1367 989 1401 ut
1013 1375 1063 1401 ex
1084 1356 1297 1401 adulterio
1318 1365 1600 1416 conceptum⁷
1619 1371 1767 1415 asper-

402 1446 591 1480 naretur.
618 1440 711 1482 Nec
740 1439 945 1481 abhorret
970 1454 994 1481 a
1020 1454 1120 1481 vero
1146 1455 1155 1481 :
1178 1453 1364 1497 namque
1392 1435 1629 1479 identidem
1645 1433 1766 1478 «feli-

402 1531 495 1558 cem
508 1517 729 1561 Priamum
752 1518 959 1574 vocabat,
981 1516 1098 1577 quod
1126 1526 1343 1577 superstes
1367 1516 1563 1560 omnium
1587 1531 1767 1559 suorum

402 1596 646 1641 exstitisset.
664 1616 684 1637 ))

463 1678 622 1720 LXIII.
659 1678 806 1734 Quam
845 1678 959 1720 inter
989 1677 1081 1720 haee
1109 1693 1197 1720 non
1224 1675 1355 1720 modo
1383 1676 1546 1718 invisus
1573 1690 1622 1718 ac
1648 1673 1768 1717 dete-

401 1756 577 1814 stabilis,
596 1756 668 1800 sed
685 1756 968 1816 praetrepidus
986 1772 1180 1816 quoque,
1202 1765 1331 1815 atque
1351 1755 1481 1798 etiam
1497 1751 1770 1798 contumeliis

400 1839 613 1882 obnoxius
632 1837 809 1893 vixerit,
830 1836 967 1880 multa
992 1836 1151 1880 indicia
1176 1844 1290 1879 sunt.
1316 1835 1579 1895 Haruspices
1606 1842 1770 1878 secreto

400 1933 449 1962 ac
474 1917 566 1960 sine
591 1917 772 1960 testibus
796 1915 962 1959 consuli
988 1916 1138 1959 vetuit.
1154 1915 1312 1959 Vicina
1343 1930 1444 1957 vero
1472 1913 1568 1956 urbi
1595 1910 1770 1956 oracula

399 1997 529 2040 ctiam
547 1996 742 2057 disjicere
763 2005 944 2039 conatus
962 2005 1025 2038 est
1045 2012 1053 2037 :
1071 1994 1145 2038 sed
1163 1994 1387 2053 majestate
1402 1993 1769 2036 Praenestinarum

399 2077 580 2119 sortium
603 2077 801 2129 territus,
826 2074 1017 2128 destitit,
1043 2090 1177 2133 quum
1209 2073 1458 2132 obsignatas
1484 2071 1771 2131 devectasque

398 2158 583 2198 Romam
600 2171 687 2197 non
702 2154 930 2213 reperisset
954 2154 996 2195 in
1015 2168 1111 2196 arca
1128 2187 1139 2209 ,
1165 2152 1247 2195 nisi
1265 2150 1402 2195 relata
1420 2167 1572 2194 rursus
1590 2150 1645 2194 ad
1667 2159 1771 2194 tem-

400 2232 535 2293 plum.
566 2235 715 2277 Unum
745 2242 788 2275 et
818 2230 1003 2274 alterum
1035 2229 1307 2286 consulares,
1332 2228 1492 2274 oblatis
1517 2230 1770 2290 provinciis,

400 2330 488 2356 non
512 2329 641 2356 ausus
663 2328 686 2355 a
712 2329 756 2355 se
777 2311 1015 2367 dimittere,
1043 2327 1180 2371 usquc
1205 2327 1255 2353 co
1280 2309 1488 2365 detinuit,
1511 2307 1652 2354 donec
1675 2326 1771 2353 suc-

398 2409 585 2436 cessores
612 2400 710 2453 post
731 2391 898 2451 aliquot
920 2406 1055 2434 annos
1078 2389 1360 2450 praesentibus
1383 2388 1531 2433 daret:
1552 2405 1687 2449 quum
1709 2389 1772 2430 in-

401 2472 549 2528 terim,
569 2480 770 2514 mancnte
790 2470 919 2514 officii
944 2468 1090 2523 titulo,
1111 2469 1241 2511 etiam
1258 2467 1478 2526 delegaret
1500 2467 1689 2528 plurima
1704 2483 1770 2509 as-

401 2550 544 2606 sidue,
572 2567 666 2610 quae
693 2549 752 2593 illi
782 2566 859 2610 per
888 2547 1052 2609 legatos
1081 2556 1122 2591 et
1145 2547 1365 2607 adjutores
1382 2564 1480 2592 suos
1499 2544 1771 2606 exsequenda

402 2646 451 2671 cu
460 2640 615 2672 rai-ent.
