1971 3342
425 216 508 268 '272v
1030 224 1180 259 NOTAE

475 302 558 336 Cap.
581 299 679 332 XlV.
702 299 876 332 Primum.
898 300 940 332 A.
962 298 1007 332 U.
1028 298 1102 333 808
1119 325 1129 342 ,
1151 310 1236 332 cum
1257 299 1296 332 L.
1318 297 1475 333 Antistio
1494 300 1636 334 vetere.

475 361 691 396 Secundum.
713 362 757 394 A.
778 360 822 394 U.
845 358 937 402 810,
962 371 1045 393 cum
1076 359 1117 393 L.
1142 359 1345 405 Calpurnio
1364 359 1505 394 Pisone.

476 422 728 456 Nouissimam.
754 423 798 455 A.
819 421 865 455 U.
888 420 980 464 813,
1003 432 1086 454 cum
1115 420 1290 454 Cornelio
1318 421 1479 456 Lentulo
1499 421 1626 455 Cosso.

477 483 643 517 Tertium.
672 484 716 516 A.
741 483 787 517 U.
812 481 854 515 81
868 494 902 525 1,
924 493 1008 515 cum
1028 482 1158 514 Marco
1179 479 1328 514 Valerio
1350 481 1514 515 Messala.

474 546 561 579 Cn.
590 545 674 578 XV.
703 542 943 577 Continm·s....
971 549 1110 589 ageret.
1145 542 1285 575 Ernest.
1316 548 1352 575 et
1378 541 1628 588 Oudendorp.
1654 542 1786 578 dicunt

420 606 607 640 Neronem
635 604 795 639 omisisse
818 610 979 638 veterem
1006 615 1147 637 morem
1168 603 1337 636 continua
1362 603 1529 636 oratione
1559 615 1606 637 sc.
1640 603 1784 637 accione

420 666 581 713 aliquam
604 678 749 700 causam
771 663 996 711 perorandi,
1015 663 1080 698 ubi
1102 663 1260 698 oratoris
1281 662 1436 697 artificia
1463 663 1577 710 magis
1602 664 1784 708 valerent,

419 740 529 774 quain
551 726 684 773 judicii
710 726 862 766 veritas;
891 732 1018 759 contra
1045 725 1261 771 singillatim
1297 736 1455 771 quaeque
1488 725 1629 771 egisse,
1662 723 1698 758 h.
1730 736 1759 759 e.
1775 752 1783 768 ‚

419 788 466 822 dc
488 787 639 835 singulis
671 799 786 822 causae.
813 786 997 832 capitibus
1011 812 1019 828 ‚
1039 784 1235 831 productis
1255 784 1426 828 testibus,
1446 784 1598 829 litteris,
1629 784 1784 831 aliisque

415 849 547 894 judicii
574 847 848 890 instruinent153
874 847 987 894 idque
1010 859 1087 894 per
1110 846 1231 888 vz‘ceS,
1256 853 1416 893 utraque
1440 852 1546 893 parte
1574 846 1782 881 alternatim

419 911 556 945 audita.

471 972 684 1006 Numerum.
714 972 771 1006 Sc.
795 969 941 1016 legibus
960 969 1231 1016 praescriptum.

468 1033 691 1079 Praposuit.
712 1031 767 1065 Cf.
787 1032 921 1064 'I'Aci'n
935 1057 943 1071 ,
969 1031 1104 1063 Annal.
1120 1057 1130 1073 ,
1154 1043 1231 1074 xiv,
1260 1029 1327 1064 28.

472 1092 619 1127 Caninii
635 1092 762 1126 Rebili.
792 1090 887 1124 Vide
911 1089 949 1123 in
971 1090 1062 1124 Coes.
1076 1117 1087 1133 ,
1111 1103 1236 1124 LXXVI.

468 1153 684 1200 Dlgm'tatis.
705 1154 847 1198 Repete
866 1152 1049 1185 nonnullis
1075 1164 1093 1185 e
1113 1151 1367 1198 sequentibus.

469 1216 554 1250 CAP.
588 1215 691 1248 XVI.
723 1214 971 1260 Excogitavit.
1006 1214 1092 1247 Post
1131 1213 1245 1248 Urbis
1276 1212 1501 1248 incendium.
1541 1213 1596 1249 Cf.
1629 1215 1785 1258 TAci'r.‚

418 1278 554 1310 Annal.
571 1302 580 1318 ,
603 1288 664 1319 xv,
693 1274 751 1315 [ἢ.

469 1336 622 1382 Afflz'ctz'.
645 1335 790 1370 Primus
812 1335 913 1369 Nero
935 1334 1154 1370 christianos
1174 1335 1365 1382 suppliciis
1385 1333 1532 1380 afflixit,
1552 1340 1643 1370 teste
1657 1335 1786 1381 Oros,

415 1410 471 1432 vu
487 1426 496 1443 ,
525 1411 557 1442 7.

469 1460 680 1507 Suppliciis.
702 1459 842 1503 Tacit.,
866 1461 1003 1493 Atmal.
1018 1486 1027 1499 ,
1054 1471 1113 1502 xv,
1138 1463 1182 1500 „34
1209 1471 1216 1492 ε
1239 1474 1252 1488 «
1268 1458 1513 1493 Pereuntibus
1536 1457 1661 1493 addita
1680 1458 1783 1493 ludi-

415 1520 515 1565 bria,
539 1527 581 1555 ut
606 1520 767 1554 ferarum
799 1520 912 1568 tergis
940 1519 1123 1562 contecti,
1154 1519 1294 1553 laniatu
1324 1530 1457 1553 canum
1486 1518 1698 1562 interirent,
1723 1526 1786 1554 aut

415 1581 586 1617 crucibus
611 1580 730 1624 affixi,
769 1588 831 1615 aut
864 1579 1100 1623 flammaudi,
1131 1586 1268 1626 atque,
1296 1579 1363 1614 ubi
1392 1579 1585 1614 defecisset
1622 1579 1718 1623 dies,
1747 1579 1786 1614 in

417 1654 523 1677 usum
543 1641 720 1676 nocturni
740 1640 890 1675 luminis
911 1648 1119 1675 urerentur.
1145 1657 1157 1669 ι»

467 1705 669 1750 Relegatoe.
694 1702 831 1746 Tacit„
853 1703 991 1736 Annas.
1005 1728 1013 1742 ‚
1036 1714 1131 1745 x111,
1154 1700 1199 1735 25
1224 1713 1232 1735 :
1254 1718 1267 1732 «ι
1286 1700 1460 1736 Discordi
1478 1703 1624 1748 populo
1651 1709 1686 1737 et
1698 1714 1785 1751 gra—

413 1764 527 1798 vioris
543 1770 663 1797 motus
683 1770 847 1807 terrore,
868 1775 945 1797 non
966 1762 1066 1796 aliud
1087 1761 1291 1797 remedium
1310 1769 1500 1809 repertum
1520 1769 1572 1797 est
1586 1791 1595 1807 ‚
1615 1775 1728 1810 quam
1741 1770 1783 1798 ut

414 1824 610 1858 histriones
631 1823 735 1858 Italia
760 1823 1041 1869 repellerentur.
1063 1839 1075 1853 »ι

468 1886 553 1919 CAP.
576 1886 697 1919 XVII.
729 1885 907 1918 Pertusoe.
937 1885 983 1918 H.
1010 1897 1039 1918 e.
1064 1884 1288 1931 perforatoe.
1311 1885 1410 1919 Paul.
1443 1886 1619 1928 Sement„
1642 1898 1677 1929 v,
1705 1884 1751 1920 25
1775 1899 1782 1920 :

414 1961 431 1977 α
455 1944 710 1991 Amplissimus
731 1944 828 1980 ordo
855 1944 1040 1990 decrevit,
1072 1957 1131 1979 eas
1156 1945 1320 1987 tabulas,
1340 1957 1421 1991 quae
1450 1944 1593 1991 publici
1617 1946 1673 1979 vel
1701 1946 1783 1992 pri-

413 2007 487 2041 vati
514 2012 726 2041 contractus
760 2005 984 2052 scripturam
1020 2006 1233 2049 continent,
1267 2005 1441 2041 adhibitis
1469 2005 1623 2041 testibus
1653 2005 1703 2041 ita
1728 2007 1780 2041 si·-

414 2068 540 2115 gnari‚
572 2074 612 2102 ut
641 2069 679 2101 in
709 2080 849 2102 summa
878 2067 1070 2115 marginis,
1101 2069 1154 2102 ad
1181 2068 1340 2102 mediam
1366 2074 1517 2114 partem
1543 2066 1777 2114 pezsoratoe,

413 2129 549 2175 triplici
578 2129 655 2163 lino
686 2128 1004 2175 constringantur,
1028 2136 1139 2175 atque
1166 2128 1380 2174 impositum
1408 2140 1521 2174 supra
1551 2127 1667 2162 linum
1690 2139 1780 2168 cerae

412 2190 514 2235 signu
537 2190 808 2236 imprimantur,
839 2197 880 2223 ut
911 2189 1114 2224 exteriores
1142 2189 1333 2235 scripturae
1358 2187 1468 2223 fidem
1498 2187 1668 2223 interiori
1696 2200 1776 2223 ser—

411 2259 510 2286 vent.
534 2252 649 2286 Aliter
667 2251 822 2297 prolatae
841 2250 933 2285 nihil
952 2250 1131 2285 momenti
1150 2250 1298 2285 habent.

469 2312 686 2358 §ignatio-is.
720 2313 765 2346 H.
791 2324 821 2346 e.
845 2312 1019 2354 testibus,
1047 2312 1111 2358 qui
1141 2310 1319 2358 signaturi
1348 2317 1488 2354 essent,
1512 2323 1642 2344 vacuoe
1667 2310 1777 2344 here—

413 2375 499 2408 dum
519 2374 732 2409 nominibus
753 2374 1047 2417 ostenderentur,
1062 2387 1158 2421 quos
1176 2385 1284 2409 nosse
1304 2373 1450 2408 testium
1470 2385 1548 2407 non
1565 2372 1751 2407 intererat.

466 2437 685 2470 Mercedem.
725 2436 863 2470 Contra
899 2437 1016 2483 legem
1048 2435 1234 2480 Ciuicam,
1266 2435 1313 2470 de
1344 2447 1418 2482 qua
1449 2433 1584 2477 Tacit„
1614 2435 1774 2473 Annal„

412 2509 471 2540 xi,
502 2494 521 2530 5
555 2509 563 2530 :
597 2513 610 2526 «
634 2497 877 2545 Consurgunt
898 2503 1042 2544 patres,
1073 2497 1269 2545 legemque
1294 2496 1457 2531 Cinciam
1488 2494 1675 2543 flagitant,
1701 2507 1775 2542 qua

411 2564 563 2591 cavetur
592 2557 797 2604 antiquitus
814 2571 871 2593 -ne
907 2557 990 2604 quis
1016 2557 1066 2593 ob
1097 2570 1243 2593 causam
1269 2557 1447 2592 orandam
1474 2555 1668 2603 pecuniam
1702 2555 1771 2588 do-

412 2631 547 2651 numxe
569 2618 736 2663 accipiat.
755 2634 772 2650 »
