1988 3407
815 275 1101 312 VITELLIUS-
1614 283 1663 319 ας)

265 369 404 429 magis
421 403 431 421 ,
451 382 582 428 quam
606 364 770 426 gratia,
793 361 995 406 electum.
1018 360 1129 403 Satis
1149 367 1346 413 constat,
1373 360 1545 402 exituro
1569 358 1661 401 via-

268 451 401 494 ticum
429 448 617 492 defuisse
634 481 645 501 ‚
679 454 799 488 tanta
828 451 1022 505 egestate
1048 441 1111 484 rei
1139 438 1395 494 familiaris,
1419 448 1492 495 ut,
1519 455 1656 483 uxore

268 542 309 576 et
334 529 509 584 liberis,
542 544 652 588 quos
672 528 824 570 Romae
851 522 1148 583 relinquebat,
1170 520 1398 565 meritorio
1429 519 1657 564 coenaculo

270 612 451 668 abditis,
472 609 654 653 domum
683 608 726 650 in
748 605 965 666 reliquam
995 612 1166 665 partem
1195 602 1300 646 anni
1324 599 1572 656 ablocaret,
1595 611 1661 644 ut-

271 711 355 755 que
379 710 432 737 ex
459 707 562 736 aure
585 689 735 734 matris
763 686 1010 731 detractum
1035 685 1244 728 unionem
1278 681 1577 743 pigneraverit
1607 681 1659 724 ad

274 776 438 821 itineris
470 775 701 834 impensas.
732 768 1016 814 Creditorum
1040 764 1219 826 quidem
1239 763 1590 825 praestolantium
1615 778 1662 805 ac

273 857 563 902 detinentium
589 853 763 897 turbam
781 885 792 907 ,
821 859 864 894 et
896 850 940 892 in
969 848 1035 892 his
1065 847 1355 891 Sinuessanos
1383 844 1665 887 Formianos-

272 956 359 1000 que
379 973 390 994 ,
420 952 609 998 quorum
638 932 817 996 publica
849 928 1078 991 vectigalia
1108 929 1433 982 interverterat,
1470 941 1560 968 non
1588 924 1671 967 nisi

275 1031 442 1064 terrore
467 1015 697 1062 calumniae
719 1012 911 1069 amovit;
935 1026 1073 1072 quum
1092 1008 1301 1053 libertino
1325 1005 1525 1063 cuidam,
1553 1022 1672 1050 acer-

276 1103 374 1146 bius
413 1099 610 1144 debitum
639 1094 915 1158 reposcenti,
959 1091 1222 1152 injuriarum
1252 1087 1516 1143 formulam,
1548 1088 1672 1148 quasi

277 1183 393 1228 calce
418 1182 472 1225 ab
501 1197 552 1224 eo
579 1193 834 1240 percussus,
862 1173 1142 1221 intendisset,
1163 1187 1244 1214 nec
1266 1169 1407 1224 aliter,
1433 1185 1567 1229 quam
1599 1185 1671 1211 ex·

280 1265 406 1309 tortis
441 1261 767 1324 quinquaginta
803 1256 1032 1311 sestertiis,
1063 1254 1312 1297 remisisset„
1355 1251 1674 1296 Advenientem

281 1345 392 1390 male
417 1346 635 1389 animatus
659 1357 760 1402 erga
787 1338 1034 1400 principem
1063 1334 1281 1379 exercitus
1302 1368 1312 1389 ,
1343 1349 1596 1394 pronusque
1620 1331 1675 1375 ad

282 1445 349 1472 res
391 1442 550 1478 novas,
596 1423 738 1467 libens
778 1437 826 1464 ac
863 1418 1031 1479 supinis
1066 1416 1271 1460 manibus
1315 1414 1517 1474 excepit,
1557 1412 1679 1456 velut

284 1509 402 1553 ‹lono
427 1507 556 1550 deum
581 1502 803 1556 oblatum,
827 1510 894 1543 ter
921 1496 1110 1543 consulis
1136 1495 1301 1553 filium,
1331 1505 1457 1539 aetate
1485 1496 1680 1556 integra,

284 1589 398 1634 facili
424 1605 474 1633 ac
496 1585 683 1649 prodigo
705 1584 866 1628 animo.
895 1581 1044 1638 Quam
1067 1588 1262 1622 veterem
1285 1576 1341 1621 de
1365 1593 1410 1620 se
1437 1577 1681 1637 persuasio-

285 1688 384 1716 nem
421 1667 629 1715 Vitellius
665 1663 918 1710 recentibus
952 1662 1085 1706 etiam
1125 1659 1439 1721 experimentis
1473 1668 1682 1711 auxerat,

286 1762 377 1796 tota
397 1751 464 1793 via
488 1748 779 1809 caligatorum
803 1760 981 1806 quoque
1008 1741 1198 1786 militum
1227 1739 1381 1784 obvios
1406 1737 1683 1793 exosculans,

288 1847 451 1894 perque
488 1827 659 1873 stabula
695 1843 746 1870 ac
775 1824 1026 1869 deversoria
1061 1821 1333 1866 mulionibus
1362 1836 1411 1864 ac
1442 1819 1684 1863 viatoribus

290 1923 446 1976 praeter
469 1909 651 1954 modum
681 1907 846 1960 comis;
874 1915 923 1949 ut
951 1920 1081 1948 mane
1107 1901 1330 1963 singulos,
1350 1901 1499 1961 jamne
1517 1900 1685 1961 jentas-

289 2004 405 2051 sent,
443 1992 755 2044 sciscitaretur,
783 2003 914 2047 seque
956 1984 1128 2039 fecisse,
1157 1992 1284 2026 ructu
1317 1998 1494 2042 quoque
1534 1992 1684 2025 osten-

293 2076 430 2120 deret.

360 2159 481 2201 VIII.
524 2158 683 2201 Castra
726 2171 829 2197 vero
871 2154 1092 2213 ingressus
1136 2148 1244 2192 nihil
1279 2147 1454 2191 cuidam
1491 2146 1689 2207 poscenti

295 2239 473 2300 negavit
510 2254 518 2280 :
551 2248 682 2297 atque
731 2236 863 2279 etiam
905 2231 1022 2277 ultro
1064 2229 1372 2292 ignominiosis
1414 2236 1564 2282 notas,
1608 2226 1690 2268 reis

296 2319 446 2365 sordes
459 2355 469 2372 ,
488 2318 707 2361 damnatis
729 2314 945 2376 supplicia
963 2313 1138 2356 demsit.
1156 2312 1327 2368 Quare,
1344 2308 1525 2353 vixdum
1543 2324 1691 2351 mense

297 2410 542 2455 transacto,
571 2413 712 2458 neque
746 2395 861 2449 diei,
899 2411 1038 2454 neque
1077 2393 1286 2452 temporis
1314 2391 1465 2434 habita
1494 2389 1692 2441 ratione,

297 2500 347 2527 ac
370 2483 460 2543 jam
498 2495 698 2541 vespere,
729 2477 873 2521 subito
911 2492 933 2519 a
978 2473 1190 2518 militibus
1224 2489 1246 2516 e
1280 2469 1484 2515 cubiculo
1513 2478 1692 2529 raptuS,

299 2566 358 2609 ita
381 2574 428 2607 ut
452 2572 560 2616 emt,
595 2562 638 2604 in
674 2568 789 2603 veste
817 2557 1081 2609 domestica,
1109 2556 1348 2615 imperator
1382 2561 1446 2594 est
1486 2548 1694 2593 consalu-

301 2655 415 2690 tatus
432 2680 443 2698 ,
472 2641 846 2700 circumlatusque
879 2656 956 2700 per
979 2637 1288 2681 celeberrimos
1319 2634 1464 2681 vicos,
1490 2632 1693 2675 strictum

301 2726 389 2769 (livi
423 2723 524 2769 Julii
566 2722 757 2782 gladium
798 2730 974 2772 tenens,
1004 2718 1249 2761 detractum
1279 2715 1462 2759 delubro
1503 2712 1656 2755 Martis
1682 2746 1691 2764 ,
