1988 3439
728 269 986 304 CLAUDIUS.
1475 273 1548 310 2¹25

238 351 445 393 XXXIII.
476 350 571 394 Cibi
601 351 776 410 vinique
797 367 1061 413 quocunque
1086 362 1127 396 et
1153 363 1350 416 tempore
1374 368 1416 402 et
1447 357 1546 403 loco

172 430 564 489 appetentissimus.
580 431 861 491 Cognoscens
886 431 1107 492 quondam
1133 434 1176 476 in
1197 437 1382 496 Augusti
1409 439 1546 493 Foro,

172 508 370 569 ictusque
405 508 556 553 nidore
589 509 784 570 prandii,
825 511 942 571 quod
974 513 1015 555 in
1050 514 1247 574 proxima
1273 517 1428 561 Martis
1455 519 1546 563 aede

171 586 297 633 Saliis
322 589 630 651 apparabatur,
655 589 828 635 deserto
858 592 1085 650 tribunali,
1108 594 1302 638 ascendit
1321 595 1376 639 ad
1401 614 1543 642 sacer-

171 667 313 725 dotes,
349 685 520 730 unaque
551 669 773 715 decubuit.
810 672 900 716 Nec
931 682 1092 718 temere
1124 690 1317 735 uuquam
1354 677 1544 722 triclinio

169 748 392 804 abscessit,
422 750 502 793 nisi
524 749 738 795 distentus
763 768 812 796 ac
838 752 1039 808 madens,
1067 763 1110 798 et
1134 763 1181 799 ut
1207 757 1354 800 statim
1382 759 1542 819 supino

168 843 218 872 ac
242 844 319 890 per
340 845 541 874 somnum
572 831 709 876 hianti
736 833 870 894 pinna
898 834 941 877 in
969 851 1016 878 os
1046 835 1284 894 inderetur,
1310 837 1364 881 ad
1387 854 1545 883 exone-

168 908 352 952 randum
382 911 671 956 stomachum.
708 914 859 957 Somni
894 914 1138 959 brevissimi
1165 927 1258 960 erat
1284 918 1414 980 (nam
1444 930 1544 964 ante

166 987 352 1033 mediam
377 1000 548 1035 noctem
575 991 836 1054 plerumque
860 994 1139 1056 evigilabat):
1167 1007 1213 1041 ut
1241 1007 1384 1042 tamen
1408 1000 1543 1044 inter-

165 1066 240 1112 diu
266 1085 583 1132 nonnunquam
603 1073 645 1116 in
663 1073 765 1133 jure
789 1073 973 1119 dicendo
999 1075 1359 1135 obdormisceret,
1384 1080 1542 1140 vixque

165 1148 219 1192 ab
246 1148 488 1207 advocatis,
516 1151 569 1194 de
593 1153 809 1198 industria
836 1171 987 1200 vocem
1016 1158 1302 1217 augentibus,
1331 1160 1540 1204 excitare·

164 1324 331 1370 expers.
355 1309 509 1355 Aleam
531 1313 846 1359 studiosissime
871 1315 997 1361 lusit:
1027 1317 1080 1361 de
1107 1319 1231 1378 cujus
1255 1329 1348 1363 arte
1377 1318 1539 1364 librum

164 1405 338 1450 quoque
375 1392 543 1436 emisit:
566 1392 719 1438 solitus
755 1396 884 1439 etiam
919 1398 962 1439 in
998 1400 1238 1458 gestatione
1272 1399 1443 1457 ludere,
1480 1402 1540 1445 ita

164 1468 314 1513 essedo
338 1468 550 1531 alveoque
577 1472 816 1535 adaptatis,
844 1491 898 1518 ne
925 1474 1042 1520 lusus
1070 1477 1428 1523 confunderetur.

225 1550 435 1595 XXXIV.
465 1553 637 1596 Saevum
660 1563 702 1597 et
724 1556 1059 1616 sanguinarium
1091 1567 1246 1601 natura
1273 1558 1424 1615 fuisse,
1452 1577 1540 1605 ma-

162 1629 257 1690 gnis
283 1630 563 1692 minimisque
589 1635 795 1695 apparuit
814 1635 956 1680 rebus.
987 1638 1223 1682 Tormenta
1244 1641 1537 1700 quaestionum

161 1726 397 1772 poenasque
425 1713 741 1773 parricidarum
765 1717 1126 1777 repraesentabat,
1155 1719 1442 1780 exigebatque
1470 1738 1540 1764 co-

163 1805 269 1833 ram.
295 1790 445 1848 Quum
470 1803 511 1838 et
536 1806 730 1854 spectare
753 1798 918 1857 antiqui
945 1799 1077 1842 moris
1099 1797 1361 1859 supplicium
1384 1801 1538 1844 Tiburi

162 1872 463 1931 concupisset,
509 1883 572 1929 et,
612 1874 810 1936 deligatis
851 1877 905 1920 ad
945 1878 1093 1938 palum
1134 1881 1298 1934 noxiis,
1343 1881 1537 1924 carnifex

161 1948 345 2005 deesset,
372 1953 557 1996 accitum
585 1954 637 1997 ab
663 1956 780 1999 Urbe
803 1973 1026 2016 vesperam
1058 1975 1194 2017 usque
1218 1961 1409 2019 opperiri
1440 1977 1538 2020 per·

162 2031 386 2075 severavit.
416 2032 695 2094 Quocunque
723 2035 982 2096 gladiatorio
1013 2054 1213 2092 munere,
1245 2038 1308 2081 vel
1340 2056 1441 2094 suo,
1471 2039 1534 2082 vel

162 2107 324 2165 alieno,
348 2109 478 2156 etiam
503 2113 613 2158 forte
643 2113 868 2176 prolapsos
893 2117 1081 2178 jugulari
1108 2119 1312 2178 jubebat,
1345 2120 1537 2163 maxime

163 2190 380 2247 retiarios,
425 2202 472 2235 ut
514 2195 826 2255 exspirantium
870 2196 999 2241 facies
1044 2198 1222 2242 videret.
1270 2199 1420 2255 Quum
1458 2217 1537 2260 par

162 2269 383 2330 quoddam
411 2273 573 2316 mutuis
611 2275 767 2318 ictibus
793 2277 1072 2332 concidisset,
1102 2277 1299 2322 cultellos
1325 2279 1405 2322 sibi
1435 2297 1535 2339 par-

164 2349 288 2394 vulos
312 2368 362 2395 ex
394 2362 579 2413 utroque
607 2354 721 2397 ferro
749 2356 790 2397 in
829 2372 955 2398 usum
986 2357 1078 2400 sieri
1110 2359 1203 2401 sine
1240 2376 1359 2403 mora
1390 2360 1533 2420 jussit.

163 2432 383 2476 Bestiariis
414 2434 751 2495 meridianisque
780 2435 888 2479 adeo
915 2435 1225 2492 delectabatur,
1260 2449 1306 2482 ut
1329 2450 1369 2483 et
1396 2441 1534 2500 prima

163 2509 257 2555 luce
284 2510 337 2555 ad
368 2512 664 2574 spectaculum
691 2514 998 2570 descenderet,
1039 2526 1081 2559 et
1114 2518 1318 2573 meridie,
1353 2518 1532 2563 dimisso

161 2590 216 2635 ad
240 2592 473 2653 prandium
496 2593 679 2655 populo,
707 2595 979 2656 persederet;
1006 2607 1246 2657 praeterque
1274 2597 1531 2654 destinatos,

162 2672 291 2716 etiam
323 2671 404 2717 levi
441 2674 672 2734 subitaque
706 2674 759 2719 de
791 2693 940 2732 causa,
975 2677 1184 2737 quosdam
1213 2679 1531 2735 committeret,

315 2773 342 2800 ι.
1291 2757 1341 2803 15
