1971 3342
403 256 417 277 1
430 255 441 277 1
452 255 471 277 2
929 243 967 277 C.
999 243 1225 278 SUETONII

399 322 547 384 populi
573 322 811 383 frequentia
840 325 1067 380 conderet,
1095 324 1237 384 aquila
1263 339 1361 367 eum
1389 322 1540 382 saepius
1570 322 1752 364 circum-

402 402 582 458 volavit3
610 412 959 464 transgressaque
983 404 1026 446 in
1051 404 1234 446 uicinam
1260 401 1392 446 aedem
1407 436 1418 458 ,
1444 417 1573 461 super
1597 416 1752 444 nomen

399 483 629 543 Agrippae,
651 482 702 525 ad
719 483 901 542 primam
926 481 1137 537 litteram,
1162 481 1271 525 sedit
1292 499 1300 524 :
1323 498 1408 541 quo
1434 479 1754 532 animadverso,

401 572 521 617 vota,
549 578 643 621 quae
665 563 707 604 in
734 562 981 622 proximum
1004 559 1190 603 lustrum
1215 561 1373 620 suscipi
1396 577 1487 603 mos
1512 568 1595 615 est,
1623 557 1753 602 colle-

400 657 497 700 gam
525 657 651 683 suum
677 640 896 683 Tiberium
924 655 1176 699 nuncupare
1197 639 1324 697 jussit
1350 657 1359 682 :
1388 656 1486 682 nam
1513 655 1578 694 se,
1605 654 1756 698 quam-

401 735 529 778 quam
548 718 801 778 conscriptis
822 718 1068 778 paratisque
1086 715 1174 777 jam
1195 716 1373 771 tabulis,
1394 719 1565 778 negavit
1584 732 1756 776 suscep-

400 808 546 840 turum
578 814 671 857 quae
701 813 789 840 non
815 806 923 840 esset
949 796 1182 841 soluturus.
1214 796 1304 840 Sub
1332 795 1443 840 idem
1472 806 1642 857 tempus
1668 796 1757 838 ictu

398 876 591 920 fulminis
611 893 662 919 ex
683 876 962 936 inscriptione
980 886 1129 920 statuae
1144 876 1234 935 ejus
1249 876 1386 935 prima
1406 876 1594 918 nominis
1612 874 1755 918 littera

400 955 577 998 effluxit.
604 957 877 1015 Responsum
904 965 987 1011 est,
1014 963 1185 998 centum
1212 953 1323 998 solos
1349 954 1436 997 dies
1465 955 1644 1014 posthac
1668 954 1758 996 vic·

399 1043 570 1089 turum,
600 1051 728 1093 quem
755 1050 982 1077 numerum
1009 1049 1035 1078 c
1059 1033 1201 1077 littera
1225 1043 1417 1088 notaret,
1451 1033 1757 1093 futurumque,

400 1122 448 1156 ut
480 1113 592 1155 inter
626 1115 741 1156 Deos
774 1113 1032 1168 referretur,
1064 1112 1181 1173 quod
1211 1128 1360 1168 AESAR,
1395 1111 1438 1154 id
1473 1121 1562 1166 est,
1595 1111 1757 1170 reliqua

401 1208 501 1251 pars
527 1208 549 1234 e
575 1191 752 1235 Caesaris
776 1193 971 1245 nomine,
995 1194 1177 1235 Etrusca
1203 1190 1351 1251 lingua
1373 1193 1494 1234 Deus
1518 1199 1756 1233 vocaretur.

400 1271 620 1313 Tiberium
641 1270 774 1331 igitur
794 1272 837 1313 in
862 1269 1082 1330 Illyricum
1107 1269 1382 1326 dimissurus,
1403 1278 1445 1313 et
1465 1272 1758 1313 Beneventum

401 1366 538 1409 usque
574 1359 908 1409 prosecuturus,
947 1365 1080 1408 quum
1120 1347 1461 1408 interpellatores
1498 1347 1589 1391 aliis
1628 1358 1757 1407 atque

400 1428 492 1472 aliis
515 1429 651 1471 causis
674 1430 715 1471 in
735 1429 833 1488 jure
855 1427 1039 1471 dicendo
1060 1427 1319 1483 detinerent,
1340 1427 1594 1471 exclamavit
1614 1426 1757 1488 (quod

401 1517 443 1551 et
469 1510 610 1567 ipsum
635 1525 735 1551 mox
762 1509 872 1551 inter
896 1508 1041 1551 omina
1065 1506 1247 1551 relatum
1273 1507 1394 1568 est),
1423 1509 1579 1563 «Non,
1606 1508 1639 1551 si
1665 1524 1758 1550 om-

403 1588 473 1630 nia
505 1597 801 1643 morarentur,
833 1586 1019 1648 amplius
1049 1604 1093 1631 se
1125 1588 1302 1648 posthae
1333 1591 1481 1632 Romae
1511 1587 1760 1630 futurum.»

399 1668 541 1726 Atque
560 1667 711 1710 itinere
736 1666 962 1722 inchoato,
987 1668 1190 1710 Asturam
1216 1668 1425 1727 perrexit,
1443 1676 1485 1709 et
1510 1666 1630 1722 inde,
1650 1682 1759 1726 prae-

401 1755 465 1789 ter
490 1746 867 1800 consuetudinem,
897 1746 949 1789 de
972 1755 1097 1789 nocte
1121 1745 1175 1788 ad
1201 1747 1469 1789 occasionem
1498 1761 1612 1788 aurae
1640 1760 1760 1788 evec-

400 1834 490 1880 tus,
512 1842 681 1868 causam
706 1824 963 1868 valetudinis
988 1825 1202 1868 contraxit
1224 1841 1274 1867 ex
1299 1824 1513 1884 profluvio
1533 1823 1631 1867 alvi.

460 1906 662 1948 XCVIII.
702 1906 824 1947 Tunc
868 1904 1115 1964 Campaniae
1157 1920 1233 1947 ora
1278 1904 1570 1963 proximisque
1610 1902 1760 1946 insulis

398 1984 609 2039 circuitis,
648 1985 914 2043 Caprearum
945 1999 1117 2042 quoque
1148 1983 1330 2025 secessui
1368 1981 1648 2040 quatriduum
1682 1983 1760 2024 im-

399 2062 573 2122 pendit,
600 2062 896 2104 remississimo
923 2061 977 2103 ad
1002 2061 1139 2103 otium
1169 2069 1210 2103 et
1237 2060 1291 2103 ad
1318 2077 1489 2103 omnem
1514 2062 1756 2105 comitatem

398 2141 555 2182 animo.
583 2143 711 2183 Forte
737 2138 1022 2182 Puteolanum
1048 2140 1191 2182 sinum
1216 2139 1546 2199 praetervehenti
1569 2149 1758 2185 vectores

401 2227 626 2277 nautaeque
645 2217 696 2260 de
720 2218 817 2260 navi
838 2217 1148 2275 Alexandrina,
1173 2235 1267 2278 quae
1291 2225 1461 2262 tantum
1482 2218 1598 2278 quod
1620 2236 1757 2280 appu-

402 2295 527 2352 lerat,
559 2295 775 2339 candidati
810 2298 1114 2357 coronatique,
1148 2307 1191 2340 et
1227 2298 1353 2341 thura
1389 2297 1591 2355 libantes,
1620 2299 1756 2343 fausta

398 2376 542 2418 omina
571 2384 613 2417 et
642 2376 817 2417 eximias
850 2374 996 2419 laudes
1028 2386 1333 2436 congesserant
1364 2394 1372 2419 :
1409 2380 1526 2421 «Per
1558 2377 1679 2421 illum
1714 2395 1756 2421 se

400 2455 558 2510 vivere,
585 2471 661 2514 per
690 2454 810 2497 illum
840 2457 1063 2515 navigare,
1095 2454 1290 2499 libertate
1316 2467 1445 2516 atque
1471 2458 1652 2500 fortunis
1679 2474 1755 2517 per

399 2533 519 2576 illum
548 2534 645 2577 frui.
663 2553 683 2574 »
710 2534 809 2589 Qua
838 2551 883 2577 re
908 2534 1142 2577 admodum
1170 2534 1430 2579 exhilaratus
1456 2535 1754 2596 quadragenos

399 2628 548 2655 aureos
573 2613 801 2655 comitibus
815 2613 963 2655 *divisit
989 2614 1170 2671 :jusque
1191 2614 1424 2672 jurandum
1447 2624 1488 2656 ct
1511 2615 1753 2657 cautionem
