1971 3342
391 264 460 300 158
927 264 964 297 C.
998 265 1228 300 SUETONII

388 347 495 404 lam,
524 363 652 407 quem
679 363 824 390 senem
853 347 1102 401 adolescens
1128 348 1440 392 observaverat.
1475 347 1558 392 Sed
1588 347 1758 393 affecta-

392 428 508 471 tione
526 436 569 470 et
588 427 841 471 morositate
856 427 988 471 nimia
1003 427 1262 471 obscurabat
1277 426 1424 471 stilum
1442 444 1449 470 :
1472 437 1519 471 ut
1537 426 1758 488 aliquanto

389 523 439 550 ex
468 515 684 568 tempore,
706 523 835 567 quam
861 523 885 549 a
904 523 1028 562 cura,
1054 509 1329 569 praestantior
1349 508 1596 551 haberetur.
1627 510 1758 553 Com-

390 587 538 647 posuit
557 596 599 630 et
622 602 796 630 carmen
816 585 1026 647 lyricum,
1052 588 1175 648 cujus
1204 597 1269 631 est
1299 586 1473 643 titulus,
1502 588 1761 649 Conquestio

389 665 444 710 de
465 669 517 710 L.
543 666 735 710 Caesaris
759 675 907 710 morte.
939 667 1059 710 Fecit
1086 677 1128 710 et
1155 683 1290 728 graeca
1320 677 1542 728 poemata,
1568 667 1760 710 imitatus

391 747 722 806 Euphorionem
735 781 747 802 ,
773 755 816 789 et
835 747 1078 804 Rhianum,
1097 757 1139 791 et
1156 747 1463 804 Parthenium,
1489 747 1646 807 quibus
1659 763 1761 807 poe-

394 826 446 869 tis
471 825 705 869 admodum
731 825 990 883 delectatus,
1014 828 1173 887 scripta
1201 843 1352 870 eorum
1379 837 1422 871 et
1448 828 1656 888 imagines
1680 843 1760 887 pu-

391 904 515 949 blicis
540 905 814 949 bibliothecis
834 907 947 949 inter
964 917 1129 950 veteres
1150 916 1191 950 et
1211 909 1450 968 praecipuos
1471 917 1668 950 auctores
1691 906 1763 949 de-

393 985 557 1029 dicavit
579 1003 588 1030 :
611 996 652 1029 et
677 987 732 1029 ob
756 987 840 1030 hoc
864 986 1059 1047 plerique
1081 987 1354 1031 eruditormn
1372 989 1569 1031 certatim
1590 987 1643 1030 ad
1665 1003 1764 1030 eum

392 1064 531 1108 multa
552 1065 606 1108 de
629 1066 696 1109 his
721 1065 964 1109 ediderunt.
988 1068 1178 1110 Maxime
1204 1077 1349 1110 tamen
1372 1068 1541 1111 curavit
1564 1067 1764 1110 notitiam

394 1144 583 1188 historiae
604 1143 834 1201 fabularis,
857 1162 991 1205 usque
1009 1145 1062 1188 ad
1078 1146 1262 1206 ineptias
1283 1156 1413 1206 atque
1434 1146 1637 1189 derisum.
1653 1147 1766 1189 Nam

395 1233 436 1267 et
452 1224 913 1285 grammaticos,quod
930 1225 1309 1286 genushominum
1333 1227 1572 1287 praecipue,
1595 1235 1645 1269 ut
1659 1225 1767 1268 dixi-

395 1321 514 1358 mus,
543 1305 793 1366 appetebat,
823 1305 1036 1365 ejusmodi
1064 1305 1151 1349 fere
1178 1306 1490 1366 quaestionibus
1522 1306 1769 1366 experieba-

400 1394 471 1428 tur
494 1402 502 1427 :
533 1385 675 1442 «Quae
701 1395 839 1429 mater
866 1386 1053 1429 Hecubae
1081 1403 1092 1430 ε
1118 1385 1251 1444 Quod
1283 1385 1441 1432 Achilli
1469 1403 1626 1430 nomen
1659 1386 1771 1428 inter

398 1465 590 1525 virgines
618 1464 769 1509 fuisset
794 1482 803 1509 :
829 1465 950 1522 Quid
977 1467 1149 1510 Sirenes
1175 1475 1352 1510 cantare
1379 1467 1464 1510 sint
1491 1464 1653 1509 solitae?
1670 1484 1690 1505 n
1714 1467 1771 1509 Et

400 1561 487 1604 quo
511 1546 702 1605 primum
724 1544 818 1601 die,
845 1555 944 1605 post
971 1562 1192 1589 excessum
1219 1547 1428 1607 Augusti,
1450 1546 1613 1588 curiam
1641 1545 1773 1588 intrau

400 1625 487 1679 vit3
517 1626 639 1685 quasi
659 1625 811 1686 pietati
827 1624 955 1668 simul
974 1642 1022 1669 ac
1047 1625 1248 1687 religioni
1272 1626 1589 1680 satisfacturus,
1612 1625 1772 1668 Minois

401 1703 624 1765 exemplo,
655 1706 784 1748 thure
815 1705 990 1764 quidem
1025 1723 1074 1749 ae
1105 1707 1235 1761 vino,
1265 1722 1417 1749 verum
1447 1706 1540 1749 sine
1573 1705 1772 1760 tibicine,

402 1783 690 1845 supplicavit,
720 1794 766 1828 ut
795 1784 865 1828 ille
887 1784 990 1828 olim
1018 1787 1061 1828 in
1089 1796 1229 1829 morte
1255 1785 1344 1829 filii.

465 1867 625 1909 LXXI.
664 1866 872 1908 Sermone
902 1882 1062 1926 graeco,
1090 1882 1353 1926 quamquam
1380 1865 1484 1909 alias
1514 1876 1711 1926 promtus
1734 1876 1777 1909 et

403 1943 558 2000 facilis,
587 1962 675 1988 non
712 1955 859 1989 tamen
888 1963 1200 2006 usquequaque
1234 1963 1337 1989 usus
1365 1956 1451 2001 est,
1482 1947 1777 2006 abstinuitque

402 2025 587 2068 maxime
612 2025 656 2067 in
681 2034 856 2081 senatu,
886 2025 993 2069 adeo
1021 2026 1219 2084 quidem,
1246 2036 1293 2068 ut
1321 2026 1612 2088 monopolitan
1638 2026 1779 2068 nomi-

403 2114 607 2160 naturus,
634 2105 755 2164 prius
781 2105 951 2147 veniam
978 2104 1235 2165 postularit,
1258 2106 1374 2166 quod
1400 2107 1480 2149 sibi
1501 2107 1633 2150 verbo
1657 2122 1778 2166 pere-

406 2185 532 2245 grino
567 2184 779 2227 utendum
814 2194 936 2227 esset.
969 2188 1114 2245 Atque
1146 2187 1274 2229 etiam
1308 2188 1352 2230 in
1383 2187 1573 2247 quodam
1605 2185 1780 2230 decreto

406 2272 578 2323 patrum
595 2297 606 2318 ,
629 2281 765 2324 quum
787 2258 998 2323 ’ἕμβλημα
1017 2267 1288 2323 recitaretur,
1311 2266 1668 2311 commutandam
1685 2283 1782 2310 cen-

407 2343 495 2386 suit
522 2360 695 2400 vocem,
736 2354 777 2388 et
806 2362 884 2405 pro
916 2348 1147 2408 peregrina
1182 2357 1421 2391 nostratem
1451 2347 1780 2408 requirendam,

407 2433 508 2478 aut,
538 2427 570 2468 si
603 2442 690 2468 non
719 2428 1002 2486 reperiretur,
1037 2427 1104 2470 vel
1136 2427 1357 2488 pluribus,
1389 2438 1431 2471 et
1460 2445 1538 2489 per
1571 2427 1781 2471 ambitum

409 2504 670 2561 verborum,
708 2524 799 2550 rem
839 2507 1171 2550 enunciandam.
1211 2508 1397 2551 Militem
1438 2524 1612 2568 quoque
1647 2522 1783 2567 graece

412 2584 706 2628 testimonium
732 2587 1071 2647 interrogatum,
1096 2588 1176 2630 nisi
1194 2586 1325 2631 latine
1347 2586 1609 2648 respondere
1631 2585 1780 2628 vetuit.

477 2664 660 2708 LXXII.
700 2666 770 2708 Bis
801 2668 980 2709 omniuo
1012 2677 1103 2710 toto
1130 2684 1316 2711 secessus
1348 2678 1567 2727 tempore,
1600 2668 1782 2711 Romam
