1971 3342
421 251 434 273 1
444 237 491 274 68
960 238 995 274 (ἶ.
1029 238 1257 274 SUETONII

417 331 460 365 et
484 331 600 365 veste
625 320 753 383 longa
768 356 779 378 ,
805 321 1004 365 noctibus
1030 321 1193 378 obiret,
1221 337 1271 364 ac
1296 318 1485 363 scenicas
1508 318 1689 362 saltandi
1713 336 1781 362 ca-

416 401 633 462 nendique
668 411 780 445 artes
816 389 1128 446 studiosissime
1157 407 1410 461 appeteret,
1446 397 1568 442 facile
1597 397 1641 440 id
1676 414 1780 442 sane

415 481 589 525 Tiberio
624 482 842 541 patiente,
872 481 905 524 si
935 497 1012 541 per
1044 480 1122 524 has
1157 479 1431 523 mansuefieri
1469 487 1612 539 posset
1639 477 1780 521 ferum

417 562 509 622 ejus
549 562 802 623 ingenium,
842 560 959 620 quod
1000 560 1300 622 sagacissimus
1338 575 1468 603 senex
1505 559 1566 602 ita
1602 575 1781 620 prorsus

416 651 694 702 perspexerat
710 675 721 697 ,
747 650 796 684 ut
825 639 1051 701 aliquoties
1079 639 1357 701 praedicaret,
1384 658 1405 680 «
1427 638 1558 682 exitio
1584 654 1663 682 suo
1688 654 1781 682 om-

416 721 625 780 niumque
657 720 812 765 Caium
842 720 1018 763 vivere:
1043 739 1063 760 »
1093 729 1159 777 et,
1189 739 1209 761 «
1232 736 1278 764 se
1305 719 1517 763 natricem
1545 716 1781 780 [serpentis

417 800 460 843 id
486 799 643 862 genus]
670 799 835 861 populo
869 816 1073 855 roman0‚
1096 800 1414 844 Phaethontem
1442 798 1537 843 orbi
1563 807 1782 842 terrarum

415 880 613 925 educare.
640 901 660 922 n

480 963 579 1004 XII.
603 962 703 1006 Non
724 961 783 1004 ita
803 960 940 1004 multo
959 970 1056 1022 post
1072 961 1247 1004 Juniam
1265 957 1546 1017 Claudillam,
1562 961 1624 1003 Μ.
1644 956 1780 1003 Silani

418 1039 674 1084 nobilissimi
701 1041 782 1084 viri
807 1039 966 1097 filiam,
997 1039 1119 1083 duxit
1152 1055 1345 1083 uxorem.
1372 1038 1541 1082 Deinde
1567 1054 1707 1099 augur
1737 1038 1781 1081 in

417 1119 561 1164 locum
584 1119 729 1163 fratris
752 1121 817 1162 sui
843 1120 977 1162 Drusi
1006 1119 1246 1162 destinatus
1262 1152 1273 1173 ,
1298 1118 1419 1178 prius
1443 1133 1572 1177 quam
1598 1117 1783 1177 inaugu-

418 1209 604 1255 raretur,
631 1198 686 1242 ad
711 1198 1014 1259 pontificatum
1038 1197 1262 1241 traductus
1287 1206 1380 1241 est:
1405 1197 1562 1258 insigni
1591 1196 1783 1240 testimo-

418 1279 491 1322 nio
526 1279 696 1339 pietatis
729 1288 860 1338 atque
892 1276 1075 1333 indolis,
1109 1294 1272 1337 quum,
1307 1275 1476 1320 deserta
1505 1273 1784 1335 desolataque

417 1358 595 1418 reliquis
616 1357 818 1402 subsidiis
841 1357 961 1414 aula,
982 1357 1137 1417 Sejano
1159 1357 1284 1400 hoste
1309 1366 1414 1400 tunc
1436 1365 1658 1416 suspecto,
1683 1371 1784 1398 mox

417 1448 459 1481 et
481 1454 709 1498 oppresso,
725 1437 779 1480 ad
798 1454 915 1498 spem
937 1437 1223 1480 successionis
1236 1434 1446 1496 paulatim
1461 1435 1783 1478 admoveretur.

417 1518 562 1573 Quam
592 1533 679 1577 quo
705 1517 844 1579 magis
875 1516 1180 1572 confirmaret,
1209 1516 1363 1558 amissa
1391 1515 1520 1558 Junia
1547 1530 1598 1558 ex
1625 1523 1784 1574 partu,

418 1597 606 1642 Enniam
633 1597 850 1652 Naeviam,
872 1596 1093 1640 Macronis
1118 1611 1322 1650 uxorem,
1346 1595 1421 1654 qui
1443 1603 1536 1638 tum
1562 1593 1786 1653 praetoria-

420 1677 486 1722 nis
511 1677 760 1721 cohortibus
785 1686 992 1737 praeerat,
1016 1674 1263 1720 sollicitavit
1289 1674 1344 1718 ad
1368 1684 1594 1735 stuprum,
1616 1672 1786 1733 pollici-

420 1767 489 1801 tus
517 1766 558 1800 et
592 1758 919 1801 matrimonium
950 1772 1101 1810 suum,
1129 1756 1163 1798 si
1193 1755 1357 1815 potitus
1387 1754 1573 1816 imperio
1595 1752 1745 1797 fuisset
1773 1770 1784 1797 τ

420 1836 559 1896 deque
585 1853 634 1881 ea
667 1853 714 1880 re
747 1846 789 1880 et
816 1835 1129 1896 jurejurando,
1156 1844 1199 1878 et
1229 1835 1522 1896 chirographo
1551 1833 1679 1877 cavit.
1705 1835 1787 1876 Per

418 1916 531 1960 hanc
565 1918 809 1960 insinuatus
842 1916 1069 1972 Macroni,
1106 1931 1274 1958 veneno
1300 1914 1523 1959 Tiberium
1561 1929 1786 1974 aggressus

420 2006 509 2053 est,
545 2006 595 2040 ut
627 1996 806 2057 quidam
840 1996 1113 2056 opinantur:
1144 1994 1412 2054 spirantique
1445 1992 1587 2036 adhuc
1620 1992 1787 2036 detrahi

420 2075 632 2119 annulum
644 2111 655 2132 ,
676 2085 737 2130 et,
757 2075 962 2134 quoniam
978 2074 1265 2134 suspicionem
1282 2073 1508 2117 retinentis
1523 2071 1673 2129 dabat,
1692 2071 1788 2134 pul-

424 2155 569 2198 vinum
593 2155 722 2214 jussit
752 2155 896 2214 injici,
932 2163 1062 2213 atque
1094 2155 1222 2197 etiam
1256 2153 1401 2198 fauces
1430 2170 1564 2198 manu
1599 2170 1674 2198 sua
1710 2170 1788 2214 op-

421 2235 595 2295 pressit,
615 2234 793 2290 liberto,
815 2234 889 2294 qui
915 2234 971 2278 ob
996 2235 1267 2278 atrocitatem
1290 2234 1495 2278 facinoris
1518 2232 1785 2278 exclamave-

420 2324 512 2371 rat,
534 2314 758 2358 confestim
788 2315 829 2357 in
856 2331 1030 2358 crucem
1053 2324 1166 2358 acto.
1188 2315 1280 2359 Nec
1305 2314 1510 2358 abhorret
1532 2331 1556 2358 a
1580 2314 1784 2369 veritate,

420 2411 556 2455 quum
583 2395 669 2437 sint
694 2394 872 2455 quidam
898 2404 1095 2438 auctores
1111 2428 1122 2450 ,
1147 2395 1287 2455 ipsum
1317 2404 1488 2455 postea,
1512 2395 1590 2438 etsi
1618 2410 1703 2437 non
1735 2392 1787 2435 dc

423 2474 637 2534 perfecto,
659 2484 704 2518 at
725 2484 842 2518 certe
868 2473 921 2517 de
946 2474 1138 2534 cogitato
1162 2473 1384 2533 quondam
1410 2473 1662 2535 parricidio,
1684 2488 1786 2532 pro-

423 2555 595 2597 fessum.
616 2553 864 2598 Gloriatum
884 2554 999 2597 enim
1019 2570 1110 2596 esso
1133 2554 1323 2610 assidue,
1343 2554 1387 2598 in
1408 2552 1787 2598 commemoranda

423 2650 497 2676 sua
524 2635 706 2694 pictate,
734 2655 752 2677 α
773 2631 826 2677 ad
854 2632 1141 2677 ulciscomlam
1171 2651 1316 2677 ncccm
1343 2635 1490 2678 matris
1513 2643 1554 2677 et
1583 2633 1786 2687 fratrum,
