1988 3439
723 285 965 321 TIBERIUS.
1468 297 1480 319 x
1493 282 1538 334 59

160 369 301 414 redire
328 381 536 427 conatus,
563 368 693 414 semel
726 369 892 413 triremi
920 384 1056 429 usque
1086 367 1141 412 ad
1168 369 1389 429 proximos
1414 370 1536 414 Nau-

161 451 343 495 macliiae
359 452 511 496 hortos
534 450 767 495 subvectus
791 460 881 501 est,
904 448 1114 512 disposita
1130 449 1316 492 statione
1331 466 1407 510 per
1421 450 1539 510 ripas

158 531 353 588 Tiberis,
384 548 478 592 quae
511 531 686 575 obviam
723 530 988 591 prodeuntes
1025 539 1346 585 summoveret3
1381 531 1540 574 iteruin

159 612 305 672 Appia
322 627 459 672 usque
475 609 530 655 ad
545 611 779 674 septimum
799 609 988 672 lapidem
1001 646 1012 668 ,
1038 610 1114 655 sed
1132 610 1373 672 prospectis
1388 610 1540 665 modo,

159 708 237 735 nec
263 691 391 736 aditis
409 692 529 736 urbis
547 692 790 747 moenibus,
815 691 965 748 rediit3
994 692 1159 753 primo,
1186 692 1425 747 incertum,
1455 707 1541 751 qua

158 771 212 816 de
225 788 374 829 causa3
390 782 540 834 postea
554 806 566 830 ,
582 782 755 817 ostento
770 773 964 817 territus.
982 775 1090 817 Erat
1116 772 1155 816 ei
1176 772 1220 816 in
1247 770 1542 816 oblectamen-

158 853 212 896 tis
233 869 409 914 serpens
424 852 580 907 draco,
605 870 736 914 quem
762 869 814 897 ex
834 852 1152 897 consuetudine
1171 869 1303 896 manu
1331 869 1407 896 sua
1428 852 1543 896 ciba-

157 943 306 990 turus,
331 951 471 995 quum
495 944 778 980 consumtum
803 951 827 978 a
856 934 1052 978 formicis
1071 934 1326 989 invenisset,
1349 933 1542 978 monitus

156 1024 240 1071 est,
268 1024 318 1059 ut
342 1015 431 1059 vim
456 1015 755 1060 multitudinis
790 1026 976 1060 caveret.
999 1015 1189 1060 Rediens
1221 1031 1325 1075 crgo
1353 1030 1543 1075 propere

157 1095 471 1156 Campaniam,
500 1099 668 1142 Asturae
692 1097 736 1140 in
766 1095 1025 1158 languorem
1052 1095 1230 1140 incidit:
1252 1112 1340 1155 quo
1361 1094 1541 1156 paulum

159 1173 325 1220 levatus
352 1178 548 1222 Circeios
573 1177 807 1238 pertendit.
834 1181 897 1223 Ac
915 1194 969 1221 ne
997 1193 1130 1238 quam
1156 1177 1451 1237 suspicionem
1479 1177 1542 1218 in-

158 1255 374 1301 firmitatis
390 1257 539 1314 daret,
567 1259 862 1303 castrensibus
878 1257 993 1302 ludis
1011 1274 1099 1301 non
1119 1267 1293 1301 tantum
1320 1256 1540 1313 interfuit,

158 1335 232 1380 sed
257 1338 388 1382 etiam
416 1339 597 1383 missum
627 1340 671 1382 in
699 1355 876 1383 arenam
901 1355 1056 1400 aprum
1077 1337 1232 1399 jaculis
1258 1337 1446 1398 desuper
1461 1354 1543 1398 ,pe-

159 1417 228 1461 tiit
245 1434 254 1460 :
271 1418 506 1479 statimque
533 1418 668 1462 latere
694 1417 928 1475 convulso,
956 1428 1017 1474 et,
1043 1427 1090 1461 ut
1118 1427 1393 1472 exaestuarat,
1421 1416 1542 1460 afssa-

159 1506 228 1540 tus
268 1514 399 1553 aura,
439 1499 483 1541 in
521 1500 768 1560 graviorem
814 1498 970 1542 recidit
1007 1498 1226 1542 morbum.
1269 1498 1541 1542 Sustentavit

157 1587 304 1622 tamen
334 1576 603 1639 aliquamdiu
623 1614 634 1635 ,
667 1578 871 1639 quamvis
903 1580 1125 1623 Misenum
1165 1594 1306 1639 usque
1339 1577 1544 1621 devectus

159 1657 267 1702 nihil
293 1675 345 1703 ex
374 1659 529 1703 ordine
557 1659 819 1721 quotidiano
849 1660 1234 1722 praetermitteret,
1263 1675 1317 1702 ne
1345 1657 1546 1702 convivia

157 1739 335 1799 quidem
350 1756 400 1784 ac
415 1750 579 1785 ceteras
595 1740 844 1802 voluptates
859 1775 870 1797 ,
893 1741 1056 1802 partim
1072 1739 1433 1801 intemperantia,
1454 1755 1547 1800 par-

156 1820 236 1863 tim
252 1819 611 1865 dissimulatione.
629 1823 744 1866 Nam
761 1819 1009 1866 Chariclem
1026 1820 1268 1878 medicum,
1287 1820 1407 1881 quod
1428 1836 1546 1864 com-

155 1910 302 1944 meatu
321 1900 553 1945 abfuturus
565 1937 576 1958 ,
591 1918 614 1946 e
628 1902 831 1946 convivio
847 1901 1102 1963 egrediens,
1121 1918 1301 1945 manum
1317 1902 1397 1945 sibi
1416 1917 1548 1945 oscu—

156 1979 275 2025 landi
304 1997 434 2026 causa
472 1981 859 2043 apprehendisset,
889 1983 1144 2026 existimans
1180 1991 1369 2025 tentatas
1403 1982 1457 2025 ab
1495 1998 1545 2025 eo

155 2077 310 2118 venas,
338 2079 565 2108 remanere
591 2081 639 2108 ac
666 2064 921 2108 recumbere
945 2063 1147 2107 hortatus
1174 2072 1261 2117 est,
1290 2079 1547 2123 coenamque

158 2145 387 2202 protraxit.
418 2146 513 2189 Nec
541 2145 755 2189 abstinuit
786 2144 1133 2201 consuetudine,
1167 2145 1273 2204 quin
1303 2154 1407 2188 tunc
1434 2160 1546 2205 quo-

157 2239 243 2283 que
265 2224 430 2268 instans
451 2226 493 2269 in
521 2226 666 2269 medio
692 2225 903 2283 triclinio,
921 2225 1121 2270 adstante
1147 2224 1322 2282 lictore,
1353 2223 1550 2287 singulos

159 2303 303 2347 valere
330 2304 525 2349 dicentes
550 2304 805 2366 appellaret.

223 2386 432 2429 LXXIII.
458 2387 663 2442 Interim,
689 2403 827 2446 quum
846 2387 888 2429 in
907 2387 1011 2430 actis
1033 2397 1209 2431 senatus
1227 2386 1422 2449 legisset,
1450 2405 1470 2426 <c
1486 2385 1551 2429 di-

160 2465 315 2509 missos
339 2482 388 2510 ac
415 2483 468 2510 ne
489 2466 661 2510 auditos
686 2467 863 2528 quidem
886 2466 1098 2527 quosdam
1127 2484 1248 2523 reos,
1264 2487 1284 2508 ))
1310 2467 1363 2510 de
1388 2466 1551 2527 quibus

161 2547 370 2602 strictim,
387 2556 427 2590 et
450 2546 558 2590 nihil
584 2546 726 2603 aliud,
756 2564 888 2608 quam
915 2547 1164 2591 nominatos
1185 2548 1240 2590 ab
1260 2547 1422 2602 indice,
1447 2547 1551 2591 seri-

163 2637 336 2687 pserat3
363 2644 444 2688 pro
471 2614 692 2671 contemto
721 2645 764 2672 sc
788 2628 987 2672 liabitnin
1010 2628 1220 2682 fremens,
1249 2638 1443 2689 repetere
1468 2629 1551 2672 Ca·

165 2722 293 2766 preas
318 2724 499 2769 quoquo
531 2708 663 2753 modo
697 2708 953 2763 destinavit,
984 2726 1071 2753 non
1105 2718 1265 2753 temere
1294 2709 1551 2769 quicquam,
