1988 3439
681 278 946 314 CALIGULA.
1431 292 1446 314 ι
1454 292 1473 325 7
1480 292 1500 325 7

130 360 331 406 Tiberius
372 371 551 423 propter
593 361 811 406 assiduam
851 371 896 405 et
932 362 1302 422 ingravescentem
1345 364 1499 408 tussim

130 440 449 486 medicamento
484 457 588 486 usus
617 450 740 485 esset.
771 442 883 486 Nam
913 440 1146 485 Claudium
1177 450 1380 501 patruum
1410 459 1499 487 non

131 521 213 565 nisi
240 521 286 565 in
311 519 549 565 ludibrium
574 521 822 565 reservavit.

195 604 360 646 XXIV.
385 603 498 646 Cum
522 601 727 646 omnibus
748 601 971 645 sororibus
994 602 1082 645 suis
1102 601 1242 661 stupri
1265 611 1500 645 consuetu-

131 681 279 726 dinem
295 681 396 726 fecit
412 698 422 724 ε
441 680 659 743 plenoque
678 681 881 725 convivio
902 680 1094 742 singulas
1113 680 1224 724 infra
1246 697 1290 724 se
1313 681 1502 724 vicissim

131 760 397 818 collocabat,
424 777 559 805 uxore
585 777 716 822 supra
750 761 953 805 cubante.
981 763 1047 806 Ex
1075 761 1143 804 his
1174 759 1414 805 Drusillam
1440 762 1504 804 vi-

132 842 258 886 tiasse
272 842 507 902 virginem,
525 850 802 902 praetextatus
818 841 982 898 adhuc,
1000 840 1206 897 creditur,
1226 850 1356 900 atque
1373 841 1503 884 etiam

132 922 176 965 in
193 921 428 965 concubitu
446 922 538 982 ejus
554 921 775 982 quondam
791 921 1088 983 deprehensus
1103 922 1156 965 ab
1170 922 1362 966 Antonia
1386 922 1503 978 avia,

130 1000 249 1061 apud
274 1018 405 1062 quam
428 1001 556 1046 simul
584 1002 896 1047 educabantur.
918 1004 1026 1047 Mox
1050 1003 1188 1046 Lucio
1211 1002 1358 1046 Cassio
1385 1004 1504 1046 Lon-

131 1081 234 1142 gino
257 1080 474 1126 consulari
503 1082 760 1127 collocatam
795 1083 1004 1138 abduxit,
1032 1093 1074 1126 et
1104 1085 1147 1126 in
1175 1082 1355 1126 modum
1377 1083 1503 1142 justae

132 1161 278 1205 uxoris
301 1161 527 1222 propalam
558 1164 724 1207 habuit.
751 1163 965 1208 Heredem
993 1180 1167 1224 quoque
1195 1164 1413 1206 bonorum
1436 1172 1502 1205 at-

132 1255 218 1299 que
251 1241 420 1302 imperii
455 1244 794 1303 aeger-instituit.
822 1243 986 1287 Eadem
1019 1243 1250 1298 defuncta,
1284 1243 1502 1303 justitium

132 1318 315 1364 indixit:
336 1323 380 1365 in
401 1339 488 1382 quo
506 1323 649 1367 risisse
663 1358 674 1378 ,
695 1322 869 1378 lavisse,
889 1340 1080 1367 coenasse
1103 1341 1203 1367 cum
1225 1323 1477 1384 parentibus
1493 1357 1504 1379 ‚

133 1409 210 1444 aut
237 1403 422 1462 conjuge
457 1402 683 1459 liberisve,
717 1403 874 1464 capital
905 1404 999 1447 fuit.
1035 1407 1097 1448 Ac
1128 1405 1329 1447 moeroris
1364 1404 1504 1464 impa-

131 1479 275 1535 tiens,
314 1497 451 1541 quum
491 1494 669 1543 repente
706 1493 927 1544 noctuque
967 1484 1228 1545 profugisset
1266 1485 1318 1527 ab
1355 1484 1507 1538 Urbe,

131 1563 602 1624 transcucurrissetque
627 1565 938 1625 Campaniam,
966 1567 1197 1624 Syracusas
1228 1564 1380 1624 petiit,
1407 1580 1506 1606 rur-

132 1656 291 1701 susque
320 1641 421 1686 inde
449 1660 634 1704 propere
663 1644 817 1702 rediit,
845 1644 982 1688 barba
1003 1643 1250 1704 capilloque
1276 1645 1504 1704 promisso.

131 1721 227 1765 Nec
258 1738 453 1782 unquam
487 1733 636 1784 postea
674 1726 1022 1785 quantiscunque
1060 1724 1112 1768 de
1143 1725 1302 1781 rebus,
1336 1741 1389 1767 ne
1423 1740 1504 1784 pro

136 1801 346 1846 concione
377 1802 555 1862 quidem
590 1804 767 1865 populi,
799 1815 875 1848 aut
907 1805 1024 1865 apud
1056 1804 1242 1861 milites,
1277 1805 1359 1848 nisi
1389 1824 1409 1845 ι(
1434 1821 1512 1864 per

132 1897 297 1926 numen
323 1881 528 1927 Drusillae
548 1904 567 1924 »
589 1884 812 1945 dejeravit.
843 1884 1052 1945 Reliquas
1077 1901 1246 1928 sorores
1276 1901 1355 1928 nec
1385 1885 1511 1944 cupi--

134 1960 268 2005 ditate
296 1971 442 2018 tanta,
472 1981 552 2008 nec
581 1964 835 2025 dignatione
861 1964 1037 2021 dilexit,
1062 1975 1107 2008 ut
1135 1981 1242 2025 quas
1269 1981 1380 2024 saepe
1409 1981 1513 2007 exo-

135 2042 230 2087 letis
254 2043 343 2088 suis
369 2046 670 2105 prostraverit.
700 2046 801 2101 Quo
826 2044 994 2089 facilius
1023 2062 1092 2089 eas
1119 2046 1162 2088 in
1190 2061 1320 2088 causa
1348 2043 1510 2088 AEmilii

135 2123 290 2183 Lepidi
317 2124 649 2182 condemnavit,
671 2127 793 2186 quasi
821 2125 1062 2181 adulteras,
1091 2135 1130 2168 et
1154 2125 1411 2169 insidiarum
1441 2123 1515 2167 ad-

137 2219 285 2247 versus
308 2220 352 2247 se
373 2206 579 2248 conscias.
605 2207 698 2248 Nec
722 2205 862 2249 solnm
888 2206 1179 2267 chirographa
1205 2206 1424 2258 omnium,
1449 2220 1516 2247 rc-

138 2285 294 2345 quisita
320 2284 470 2328 fraude
493 2301 542 2328 ac
565 2296 740 2345 stupro,
766 2286 1025 2346 divulgavit,
1053 2287 1125 2329 sed
1147 2297 1189 2330 et
1215 2296 1301 2329 tres
1326 2285 1516 2346 gladios,

140 2366 183 2408 in
207 2381 353 2408 necem
373 2382 492 2408 suain
519 2376 804 2426 pra-paratos,
828 2367 957 2409 Marti
985 2365 1154 2422 Ultori,
1174 2365 1323 2410 addito
1344 2364 1485 2425 elogio
1504 2399 1514 2418 ,

136 2448 419 2491 consecravit.

203 2530 346 2572 XXV.
375 2529 662 2573 Matrimonia
685 2529 951 2572 contraxerit
977 2529 1171 2588 turpius,
1194 2543 1247 2569 an
1279 2527 1517 2582 dimiserit,

141 2625 197 2652 an
218 2610 433 2663 tenuerit,
450 2618 538 2652 non
555 2620 617 2652 est
639 2609 762 2653 facilc
781 2609 1041 2652 discernere.
1061 2610 1229 2652 Liviani
1244 2607 1516 2661 Orestillam,

143 2691 190 2733 C.
215 2691 361 2734 Pisoni
383 2690 643 2743 nubentem,
667 2707 801 2750 quum
829 2690 879 2733 ad
906 2691 1098 2732 osticium
1125 2700 1162 2732 ct
1190 2691 1281 2750 ipsc
1307 2690 1517 2738 venisset,

337 2787 366 2814 1.
1274 2785 1321 2812 12
