1971 3342
398 225 465 261 132
927 228 964 260 C.
997 227 1222 261 SUETONII

455 310 598 352 XXII.
625 311 857 353 Excessum
883 309 1069 369 Augusti
1088 325 1173 351 non
1190 308 1308 368 prius
1324 305 1467 366 palam
1485 306 1602 361 fecit,
1621 322 1750 364 quam

393 389 585 450 Agrippa
607 388 768 448 juvene
795 390 1039 432 interemto.
1061 390 1195 430 Hunc
1223 387 1420 429 tribunus
1444 383 1631 427 militum
1654 400 1751 427 cus-

394 477 458 510 tos
498 470 722 528 appositus
761 467 944 521 occidit,
980 465 1100 509 lectis
1135 464 1364 519 codicillis,
1400 464 1584 522 quibus,
1624 472 1672 505 ut
1709 462 1753 505 id

393 546 574 606 faceret,
595 549 840 608 jubebatur.
862 548 986 603 Quos
1005 544 1223 589 codicillos
1236 578 1247 600 ,
1266 544 1445 586 dubium
1464 542 1566 598 fuit,
1586 545 1751 601 Augus-

393 636 522 672 tusne
545 629 732 672 moriens
760 625 1018 685 reliquisset,
1049 641 1134 683 quo
1170 623 1394 666 materiam
1424 620 1636 665 tumultus
1658 631 1758 680 post

396 723 440 751 se
462 707 746 761 subduceret3
776 722 829 748 an
858 704 1033 747 nomine
1055 704 1239 764 Augusti
1264 703 1409 755 Livia,
1434 711 1475 744 et
1496 716 1566 756 ea,
1584 701 1756 743 conscio

395 787 588 841 Tiberio,
618 803 671 829 an
703 787 873 846 ignaro,
909 784 1124 826 dictasset.
1150 783 1346 826 Tiberius
1379 780 1653 824 renuncianti
1681 779 1757 822 tri-

397 866 535 922 buno,
563 866 724 909 factum
751 881 860 919 esse,
884 863 1002 923 quod
1029 863 1304 923 imperasset,
1333 876 1505 920 «neque
1529 860 1760 919 imperasse

398 961 467 999 se,
495 954 538 988 et
565 943 837 988 redditurum
871 959 969 985 eum
1007 943 1173 985 senatui
1205 941 1476 996 rationem,»
1507 936 1758 997 respondit;

398 1023 606 1067 invidiam
633 1022 794 1066 scilicet
822 1023 865 1065 in
891 1023 1117 1081 praesentia
1146 1022 1298 1063 vitans.
1325 1022 1435 1064 Nam
1462 1035 1559 1061 mox
1591 1017 1760 1061 silentio

399 1119 487 1147 rem
512 1101 770 1145 obliteravit.

461 1182 625 1226 XXIII.
660 1182 762 1223 Jure
798 1190 942 1223 autem
979 1180 1221 1224 tribuniciae
1254 1180 1479 1239 potestatis
1514 1187 1664 1221 coacto
1701 1194 1765 1221 se-

402 1270 536 1313 natu,
571 1259 858 1320 inchoataque
895 1258 1177 1312 allocutione,
1207 1257 1439 1319 derepente
1473 1255 1592 1300 velut
1628 1257 1768 1317 impar

400 1346 541 1393 dolori
565 1341 841 1405 congemuit;
863 1350 998 1398 utque
1021 1355 1111 1382 non
1135 1336 1273 1381 solum
1300 1353 1402 1392 voit,
1428 1335 1500 1380 sed
1528 1346 1569 1378 et
1591 1336 1766 1396 spiritus

405 1424 622 1480 deficeret,
652 1425 838 1484 optavit,
876 1439 925 1467 ac
956 1416 1268 1479 perlegendum
1301 1415 1461 1458 librum
1497 1417 1642 1458 Druso
1677 1412 1766 1456 filio

404 1504 595 1548 tradidit.
622 1502 796 1546 Illatum
830 1500 982 1544 deinde
1009 1500 1189 1560 Augusti
1224 1502 1554 1550 testamentum,
1579 1509 1667 1535 non
1693 1492 1768 1535 ad-

405 1585 543 1627 missis
570 1583 881 1644 signatoribus,
907 1582 987 1624 nisi
1017 1581 1219 1624 senatorii
1248 1579 1438 1635 ordinis,
1469 1576 1621 1622 ceteris
1644 1587 1759 1620 extra

406 1664 572 1706 curiam
596 1663 716 1722 signa
741 1661 1094 1721 agnoscentibus,
1117 1660 1314 1702 recitavit
1335 1675 1410 1718 per
1434 1657 1650 1701 libertum.
1672 1658 1773 1699 Tes-

406 1744 586 1786 tamenti
611 1743 781 1784 initium
804 1740 884 1783 fuit
905 1757 913 1783 :
939 1760 958 1780 «
977 1740 1196 1796 Quoniam
1219 1739 1392 1781 sinistra
1408 1740 1602 1781 Fortuna
1619 1736 1773 1780 Caium

407 1831 449 1865 et
483 1822 667 1864 Lucium
706 1819 816 1862 filios
849 1819 956 1861 mihi
989 1819 1175 1878 eripuit,
1202 1817 1400 1860 Tiberius
1424 1819 1565 1861 Caesar
1590 1816 1695 1859 mihi
1723 1831 1773 1858 ex

409 1910 530 1961 parte
552 1899 729 1944 dimidia
753 1909 795 1942 et
817 1907 1010 1941 sextante
1032 1898 1157 1940 heres
1181 1907 1286 1940 esto.
1307 1916 1327 1937 »
1350 1898 1453 1953 Quo
1476 1905 1516 1939 et
1538 1896 1631 1957 ipso
1648 1904 1776 1939 aucta

411 1981 597 2042 suspicio
633 1989 697 2023 est
731 1978 1026 2038 opinantium,
1057 1991 1345 2019 successorem
1374 1976 1555 2019 ascitum
1580 1993 1678 2020 eum
1704 1992 1776 2018 ne-

412 2062 608 2104 cessitate
637 2059 800 2118 magis,
825 2073 953 2116 quam
978 2055 1165 2115 judiciO,
1194 2054 1369 2115 quando
1398 2056 1458 2098 ita
1489 2055 1658 2116 praefari
1690 2072 1778 2098 non

413 2139 683 2183 abstinuerit.

476 2220 638 2262 XXIV.
677 2218 1003 2277 Principatuin,
1044 2216 1240 2274 quamvis
1272 2233 1409 2276 neque
1438 2231 1650 2277 occupare
1678 2232 1780 2258 con-

416 2299 581 2354 festim,
606 2314 747 2357 neque
767 2312 892 2357 agere
914 2295 1177 2350 dubitasset,
1197 2305 1240 2338 et
1259 2297 1443 2339 statione
1466 2295 1675 2352 militum,
1699 2295 1781 2339 hoc

418 2389 504 2436 est,
530 2379 572 2421 vi
595 2387 635 2421 et
656 2377 797 2437 specie
815 2375 1144 2429 dominationis,
1170 2385 1378 2431 assumta,
1405 2375 1478 2419 diu
1502 2385 1645 2419 tamen
1662 2391 1784 2418 recu-

419 2460 527 2504 savit
565 2456 941 2517 impudentissimo
976 2455 1134 2508 mi1no;
1163 2471 1277 2497 nunc
1309 2454 1588 2498 adhortantes
1625 2456 1784 2498 amicos

421 2542 667 2599 increpans,
695 2547 743 2579 ut
767 2537 963 2596 ignarOS,
1001 2543 1165 2592 quanta
1205 2533 1347 2582 bellua
1382 2544 1491 2577 esset
1526 2535 1786 2593 imperium3

422 2636 537 2662 nunc
564 2622 1057 2678 precantem-senatum,
1088 2622 1125 2654 ct
1157 2613 1513 2672 procumbentem
1541 2613 1619 2655 sibi
1644 2612 1697 2655 ad
1722 2629 1788 2671 ge-
