1971 3342
408 230 430 265 6
436 240 457 262 o
929 226 968 262 C.
997 225 1226 263 SUETONII

406 311 643 372 AEgyptum
675 310 785 372 petit
812 327 822 354 :
851 309 1106 370 obsessaque
1134 305 1412 363 Alexandria,
1441 322 1528 367 quo
1555 304 1770 351 Antonius

407 406 506 433 cum
522 389 752 452 Cleopatra
766 389 1038 451 confugerat,
1056 388 1175 432 brevi
1190 387 1354 449 potitus
1368 396 1443 432 est.
1458 388 1515 431 Et
1528 385 1770 430 Antonium

407 469 607 531 quidem,
636 487 752 515 seras
779 469 1049 515 conditiones
1076 467 1193 530 pacis
1217 476 1479 522 tentantem,
1505 464 1560 509 ad
1587 474 1772 508 mortem

408 550 577 611 adegit,
605 550 801 611 viditque
832 559 1068 594 mortuum.
1104 547 1369 609 Cleopatrae,
1397 562 1528 607 quam
1560 553 1773 589 servatam

409 631 633 693 triumpho
661 646 819 691 magno
848 644 977 690 opere
1005 627 1231 689 cupiebat,
1265 627 1396 670 etiam
1428 624 1589 687 psyllos
1622 623 1773 668 admo-

408 712 500 767 vit,
540 712 615 772 qui
652 726 868 754 venenum
904 724 953 752 ac
989 709 1107 752 virus
1145 714 1427 769 exsugerent3
1460 704 1578 766 quod
1614 704 1776 768 perisse

410 807 560 835 morsu
577 790 736 851 aspidis
751 789 999 850 putabatur.
1014 788 1236 835 Ambobus
1251 802 1529 832 communem
1544 782 1777 846 sepulturae

410 871 624 915 honorem
648 871 821 926 tribuit,
845 886 895 913 ac
917 868 1136 914 tumulum
1156 868 1210 912 ab
1234 868 1335 929 ipsis
1354 867 1608 911 inchoatum
1630 863 1776 926 perfici

409 952 549 1011 jussit.
579 951 818 995 Antonium
842 950 1071 1010 juvenem,
1101 948 1310 1008 majorem
1343 946 1396 991 de
1428 946 1598 991 duobus
1625 943 1778 988 Fulvia

412 1031 586 1091 genitis,
611 1029 842 1074 simulacro
864 1033 920 1074 D.
945 1029 1069 1086 Julii,
1097 1027 1151 1073 ad
1173 1027 1293 1088 quod
1315 1036 1413 1087 post
1436 1024 1595 1069 multas
1617 1034 1660 1068 et
1681 1023 1779 1067 irri-

412 1120 478 1154 tas
506 1126 651 1170 preces
678 1110 953 1170 confugerat,
982 1110 1212 1170 abreptum
1243 1106 1473 1151 interemit.
1504 1108 1614 1149 Item
1641 1106 1781 1149 Caesa-

413 1190 601 1245 rionem,
618 1205 747 1250 quem
765 1205 817 1232 ex
836 1191 1003 1234 Caesare
1018 1199 1139 1249 patre
1155 1187 1387 1247 Cleopatra
1407 1185 1655 1246 concepisse
1672 1199 1783 1244 prae-

413 1269 612 1325 dicabat,
650 1279 887 1313 retractum
925 1286 947 1313 e
987 1268 1090 1330 fuga
1125 1266 1340 1328 supplicio
1379 1265 1536 1310 affecit.
1574 1262 1781 1325 Reliquos

414 1350 595 1394 Antonii
634 1350 882 1409 reginaeque
920 1363 1174 1392 communes
1217 1345 1400 1402 liberos,
1442 1362 1532 1388 non
1572 1360 1692 1388 secus
1733 1359 1783 1386 ac

419 1429 736 1472 necessitudine
760 1429 937 1488 junctos
966 1428 1072 1484 sibi,
1101 1437 1143 1471 et
1169 1426 1465 1483 conservavit,
1495 1434 1537 1469 et
1570 1441 1672 1468 mox
1705 1439 1784 1484 pro

418 1508 669 1552 conditione
693 1509 903 1568 cujusque
929 1508 1135 1551 sustinuit
1155 1524 1204 1551 ac
1227 1507 1345 1551 fovit.

478 1590 640 1633 XVIII.
665 1590 747 1632 Per
760 1588 874 1632 idem
891 1598 1081 1648 tempus,
1097 1587 1392 1631 conditorium
1405 1596 1447 1630 et
1459 1601 1618 1646 corpus
1631 1584 1787 1645 Magni

418 1668 675 1725 Alexandri,
693 1685 830 1726 quum
850 1668 1067 1729 prolatum
1086 1685 1108 1711 e
1128 1666 1338 1728 penetrali
1358 1667 1608 1727 subjecisset
1627 1663 1787 1722 oculis,

418 1765 579 1791 corona
599 1765 728 1792 aurea
748 1748 951 1808 imposita
970 1764 1018 1791 ac
1042 1747 1221 1791 floribus
1239 1746 1441 1806 aspersis,
1459 1754 1688 1788 veneratus
1705 1753 1789 1800 est3

419 1827 749 1889 consultusque,
772 1845 876 1871 num
898 1838 940 1871 ct
961 1826 1243 1871 Ptolemaeum
1268 1826 1481 1887 inspicere
1504 1823 1657 1880 vellet,
1679 1827 1791 1868 «Re-

420 1925 516 1969 gem
540 1925 583 1951 se
611 1907 833 1951 voluisse»
859 1908 918 1951 ait
943 1906 1144 1962 «videre,
1168 1923 1257 1950 non
1285 1914 1529 1949 mortuos.»
1554 1906 1790 1965 AEgyptum

420 2006 464 2031 in
497 1988 731 2048 provinciae
761 1987 946 2030 formam
983 1986 1202 2030 redactam
1234 1995 1283 2028 ut
1316 1984 1569 2027 feraciorem
1606 1982 1791 2026 habilio—

421 2083 601 2126 remque
626 2082 810 2109 annonae
832 2067 990 2108 urhicae
1013 2064 1236 2120 redderet,
1265 2063 1399 2107 fossas
1419 2079 1591 2117 omnes,
1615 2063 1660 2105 in
1683 2079 1791 2122 quas

421 2146 550 2191 Nilus
575 2156 799 2202 exaestuat,
823 2144 1048 2189 oblimatas
1074 2143 1204 2204 longa
1226 2153 1439 2187 vetustate
1461 2141 1637 2186 militari
1661 2158 1791 2203 opere

422 2225 615 2270 detersit.
646 2228 835 2286 Quoque
864 2226 1049 2269 Actiacae
1078 2225 1266 2268 victoriae
1295 2224 1504 2267 memoria
1532 2221 1791 2267 celebratior

422 2306 466 2349 in
492 2315 713 2366 posterum
742 2315 874 2359 essct,
900 2305 1052 2348 urbem
1082 2302 1319 2364 Nicopolin
1345 2302 1461 2365 apud
1488 2303 1664 2348 Actium
1687 2318 1791 2346 con-

423 2385 535 2428 didit
562 2402 570 2427 :
602 2384 813 2445 ludosque
848 2383 935 2428 illic
965 2382 1308 2444 quinquennales
1344 2383 1596 2440 constituit,
1627 2392 1670 2426 et
1700 2397 1790 2424 am-

424 2463 560 2524 pliato
590 2475 734 2508 vetere
761 2463 978 2525 Apollinis
1006 2463 1193 2523 templo,
1226 2461 1371 2506 locum
1401 2472 1667 2518 castrorum,
1695 2460 1791 2520 qui-

425 2544 504 2587 bus
531 2544 671 2588 fuerat
695 2561 819 2601 usus,
848 2553 1105 2587 exornatum
1136 2541 1360 2586 navalibus
1388 2541 1555 2604 spoliis,
1584 2541 1791 2601 Neptuno

427 2641 475 2665 ac
500 2623 631 2666 Marti
657 2625 937 2667 consecravit.
