1971 3342
380 225 422 267 3‘,
923 221 962 255 C.
993 220 1229 255 SUETONII

375 324 510 368 quam
530 307 705 369 gratiae,
727 321 996 367 quamquam
1018 321 1162 367 neque
1182 321 1369 366 procera
1390 314 1578 360 statura,
1604 315 1647 350 et
1673 322 1780 350 ven-

376 399 443 432 tre
474 387 609 450 paulo
639 387 929 450 projectiore3
957 387 1230 449 praecipuum
1254 386 1406 442 robur,
1439 386 1651 430 memoria
1683 388 1774 430 sin—

376 470 567 533 gularis,
599 470 801 515 docilitas
832 470 887 514 ad
923 486 1078 514 omnes
1114 468 1204 513 fere
1237 478 1332 512 tum
1370 466 1499 525 belli,
1534 477 1628 512 tum
1656 469 1777 530 pacis

375 562 503 598 artes.
531 555 770 598 Armorum
802 561 845 596 et
871 549 1099 612 equitandi
1137 550 1430 612 peritissimus
1463 567 1473 593 :
1509 548 1644 593 latine
1669 566 1778 612 grae-

374 651 512 696 ceque
535 632 603 678 vel
627 635 671 678 in
691 632 885 689 orando⁷
907 630 975 675 vel
998 632 1041 675 in
1065 630 1282 694 fingendis
1302 630 1602 692 poematibus,
1619 647 1774 693 prom-

375 726 443 761 tus
471 725 514 760 et
542 713 709 771 facilis,
735 714 790 759 ad
816 711 1246 774 extemporalitatem
1271 729 1412 773 usque
1445 729 1454 756 ε
1486 711 1564 757 sed
1595 729 1649 756 ne
1674 729 1776 757 mu-

374 798 475 842 sicae
498 796 678 859 quidem
708 795 855 853 rudis,
880 805 930 840 ut
957 795 1032 856 qui
1061 804 1258 839 cantaret
1279 804 1321 839 et
1347 792 1554 856 psalleret
1578 793 1779 855 jucunde

372 880 667 940 scienterque.
699 881 734 923 E
758 876 960 940 pluribus
984 877 1208 938 comperi,
1236 876 1352 920 notis
1374 892 1556 937 quoque
1578 877 1778 937 excipere

372 959 653 1004 velocissime
670 958 876 1015 solitum,
900 975 1001 1003 cum
1028 957 1376 1003 amanuensibus
1399 958 1488 1002 suis
1516 974 1595 1018 per
1616 956 1772 1002 ludum

367 1044 612 1103 jocumque
638 1051 912 1095 certantem,
940 1041 1195 1101 imitarique
1219 1039 1544 1100 chirographa,
1567 1056 1778 1100 quaecun-

372 1141 458 1185 que
484 1123 689 1179 vidisset,
715 1140 767 1167 ac
791 1139 904 1184 saepe
926 1121 1149 1184 profiteri,
1179 1138 1259 1165 «se
1286 1121 1530 1165 maximum
1550 1119 1777 1165 falsarium

370 1222 463 1250 esse
487 1205 735 1267 potuisse.»

436 1290 514 1332 IV.
544 1287 772 1332 Tribunus
793 1285 987 1331 militum
1005 1295 1049 1329 et
1073 1286 1119 1329 in
1141 1285 1384 1330 Germania
1409 1293 1454 1328 et
1480 1284 1525 1327 in
1549 1284 1780 1328 Britannia

370 1371 561 1427 meruit,
586 1386 760 1414 summa
788 1367 1045 1421 industriae,
1069 1383 1150 1411 nec
1175 1367 1349 1411 minore
1378 1365 1605 1410 modestiae
1629 1365 1745 1410 fama
1767 1383 1779 1423 3

371 1452 487 1496 sicut
515 1461 704 1513 apparet
731 1459 774 1495 et
806 1459 1055 1495 statuarum
1089 1458 1133 1492 et
1164 1448 1408 1509 imaginum
1442 1447 1537 1507 ejus
1571 1446 1781 1491 multitu-

371 1533 474 1577 dine
489 1568 500 1590 ,
528 1550 579 1577 ac
603 1531 744 1576 titulis
770 1548 849 1593 per
872 1539 1109 1591 utramque
1124 1529 1416 1590 provinciam.
1437 1529 1542 1572 Post
1558 1528 1779 1589 stipendia

368 1615 466 1660 foro
503 1631 685 1676 operam
717 1611 859 1665 dedit,
892 1612 1124 1656 honestam
1158 1611 1319 1672 magis,
1352 1626 1486 1671 quam
1524 1609 1775 1654 assiduam:

369 1696 617 1757 eodemque
649 1705 849 1755 tempore
879 1691 1143 1738 Arricidiam
1169 1689 1414 1736 Tertullam
1433 1725 1444 1747 ‚
1471 1700 1598 1752 patre
1624 1692 1776 1752 equite

368 1794 580 1833 romano,
611 1776 684 1821 sed
712 1775 919 1838 praefecto
949 1772 1177 1835 quondam
1204 1772 1575 1834 praetorianarum
1612 1771 1779 1816 cohor-

367 1861 501 1917 tium,
517 1859 644 1904 duxit
660 1875 843 1902 uxorem
863 1875 871 1901 :
893 1867 937 1901 et
959 1857 1002 1900 in
1026 1854 1247 1899 defunctae
1263 1853 1411 1898 locum
1430 1854 1649 1898 Marciam
1664 1856 1778 1898 Fur·

366 1941 521 1986 nillam
552 1939 771 2003 splendidi
814 1939 1014 2001 generis;
1051 1954 1153 1981 cum
1186 1953 1299 1997 qua,
1342 1934 1517 1980 sublata
1551 1934 1670 1993 filia,
1710 1935 1780 1979 di·-

369 2023 564 2067 vortium
616 2021 730 2066 fecit.
785 2023 848 2066 Ex
903 2029 1138 2080 quaesturae
1185 2017 1346 2061 deinde
1388 2017 1561 2061 honore
1608 2015 1773 2080 legioni

369 2105 657 2165 praepositus,
687 2102 937 2147 Tarichaeas
963 2110 1006 2144 et
1026 2098 1289 2155 Gamalam,
1318 2098 1451 2143 urbes
1477 2098 1639 2143 Judaeae
1660 2097 1773 2143 vali-

367 2187 594 2241 dissimas,
622 2186 664 2228 in
695 2192 958 2246 potestatem
989 2182 1183 2243 redegit3
1211 2197 1325 2241 equo
1353 2180 1545 2241 quadam
1568 2181 1662 2225 acie
1689 2180 1770 2224 sub

368 2268 604 2312 feminibus
628 2267 812 2321 amisso,
840 2264 1316 2325 alteroqueinscenso,
1342 2263 1470 2323 cujus
1486 2271 1631 2306 rector
1652 2263 1770 2306 circa

368 2367 413 2394 se
438 2349 653 2393 dimicans
678 2347 963 2392 occubuerat.

433 2433 489 2475 V.
512 2429 657 2475 Galba
677 2446 776 2473 mox
797 2438 976 2473 tenente
991 2426 1335 2488 rempublicam,
1357 2426 1515 2470 missus
1537 2425 1590 2469 ad
1615 2434 1770 2488 gratu-

369 2512 581 2569 landum,
617 2528 796 2572 quaqua
838 2511 943 2565 iret,
979 2509 1198 2553 convertit
1232 2508 1461 2562 homines,
1499 2507 1623 2567 quasi
1657 2505 1767 2550 ado-

370 2595 534 2655 ptionis
553 2594 695 2655 gratia
715 2600 1025 2636 arcesseretur.
1046 2589 1132 2633 Sed
1150 2589 1224 2633 ubi
1249 2589 1419 2633 turbari
1435 2605 1588 2632 rursus
1609 2597 1769 2632 cuncta

371 2675 528 2731 sensit,
557 2674 687 2718 rediit
714 2691 765 2717 ex
791 2674 951 2717 itinere
981 2689 988 2714 :
1016 2670 1226 2730 aditoque
1251 2670 1430 2731 Paphiae
1461 2669 1648 2714 Veneris
1675 2686 1775 2713 ora-
