1988 3439
744 312 981 348 TIBERIUS.
1477 330 1544 369 ¹47

171 399 324 434 xentus
351 393 417 435 sui
448 409 567 454 spem
594 392 722 447 facit,
749 395 1044 457 complurium
1071 400 1242 444 dierum
1271 421 1414 461 mora,
1452 425 1545 452 cor-

167 483 298 534 rupto
332 473 508 517 demum
545 483 590 517 et
629 474 778 518 tabido
815 494 1000 538 corpore
1036 479 1283 526 funeratam
1316 487 1542 545 prohibuit

164 553 430 608 consecrari,
458 553 580 614 quasi
606 554 647 597 id
677 555 769 615 ipsa
798 557 1060 603 mandasset.
1081 563 1409 608 Testamentum
1435 584 1543 626 quo-

163 648 247 692 que
269 634 361 694 ejus
389 650 472 694 pro
498 634 622 678 irrito
652 635 827 693 habuit,
856 655 1095 700 omnesque
1119 643 1332 687 amicitias
1352 655 1395 688 et
1419 645 1542 690 fami-

162 711 397 768 liaritates,
429 714 561 757 etiam
596 715 756 775 quibus
787 733 835 760 ea
870 718 1036 764 funeris
1071 722 1137 764 sui
1171 739 1321 767 curam
1353 726 1542 769 moriens

159 793 468 851 demandarat,
503 794 618 839 intra
657 795 788 841 breve
827 808 1001 860 tempus
1034 801 1210 859 afflixit3
1245 821 1335 848 uno
1369 823 1420 849 ex
1450 806 1541 862 his,

156 874 366 933 equestris
393 874 560 919 ordinis
584 876 706 932 viro,
736 887 779 921 ct
807 879 850 921 in
879 879 1060 924 antliam
1090 883 1397 930 condemnato.

216 956 313 998 LII.
350 954 563 1000 Filiorum
582 974 723 1018 neque
737 959 981 1005 naturalem
998 965 1218 1022 Drusum,
1241 983 1382 1026 neque
1399 967 1536 1029 adop·

153 1037 293 1080 tivum
322 1037 663 1094 Germanicum,
691 1040 834 1100 patria
858 1042 1041 1086 caritate
1066 1042 1241 1102 dilexit3
1269 1045 1448 1092 alterius
1475 1050 1538 1092 vi-

154 1117 224 1160 tiis
253 1117 461 1161 infensus.
499 1120 614 1163 Nam
643 1122 816 1164 Drusus
843 1123 975 1165 animi
1002 1123 1222 1182 fluxioris,
1257 1129 1535 1173 remissioris-

151 1213 237 1256 que
261 1197 359 1241 vitae
378 1207 484 1241 erat.
502 1200 657 1259 Itaque
675 1217 727 1243 ne
752 1211 928 1245 mortuo
953 1202 1128 1262 quidem
1152 1205 1332 1265 perinde
1351 1207 1534 1252 affectus

150 1288 235 1334 est3
256 1278 329 1322 sed
355 1287 527 1322 tantum
550 1296 637 1323 non
662 1281 809 1324 statim
834 1298 858 1324 a
882 1281 1036 1326 funere
1062 1283 1116 1326 ad
1138 1287 1415 1345 negotiorum
1436 1305 1535 1332 eon-

148 1358 426 1403 suetudinem
463 1359 618 1414 rediit,
647 1361 820 1420 justitio
851 1360 1050 1423 longiore
1089 1364 1289 1409 inhibito.
1334 1368 1454 1424 Quin
1491 1379 1533 1412 et

149 1438 374 1482 Iliensium
400 1437 555 1500 legatis
576 1439 708 1500 paulo
732 1442 869 1485 serius
897 1442 1247 1502 consolantibus,
1272 1449 1395 1506 quasi
1420 1447 1531 1492 obli-

149 1528 285 1563 terata
304 1520 393 1580 jam
420 1519 584 1564 doloris
617 1522 850 1578 memoria,
885 1522 1096 1581 irridens,
1123 1545 1143 1565 ι(
1161 1527 1215 1569 Se
1241 1543 1435 1587 quoque,
1464 1545 1531 1571 re-

145 1599 345 1660 spondit,
367 1601 506 1645 vicem
527 1616 677 1644 eorum
696 1601 866 1659 dolere,
886 1603 1005 1663 quod
1022 1606 1248 1666 egregium
1266 1607 1404 1650 civem
1420 1610 1530 1651 Hec-

144 1691 283 1726 torem
317 1683 613 1727 amisissent.»
648 1683 916 1728 Germanico
946 1701 1083 1745 usque
1109 1685 1217 1730 adeo
1243 1687 1527 1744 obtrectavit‚

144 1773 192 1806 ut
220 1772 262 1806 et
290 1762 498 1824 praeclara
530 1763 644 1808 facta
674 1764 767 1824 ejus
793 1781 874 1826 pro
913 1766 1196 1825 supervacuis
1235 1765 1451 1824 elevaret,
1486 1777 1528 1810 et

141 1842 475 1904 gloriosissimas
509 1844 736 1900 victorias,
773 1861 851 1888 ceu
885 1843 1117 1888 damnosas
1152 1845 1428 1906 reipublicae,
1459 1848 1526 1890 in-

140 1934 353 1985 creparet.
383 1923 519 1982 Quod
552 1940 655 1968 vero
682 1922 993 1968 Alexandriam
1011 1959 1022 1980 ,
1056 1935 1238 1985 propter
1268 1926 1524 1969 immensam

139 2015 183 2050 et
206 2006 482 2067 repentinam
504 2004 686 2061 famem,
714 2004 965 2049 inconsulto
986 2022 1030 2049 se
1052 2005 1234 2062 adisset,
1260 2016 1440 2066 questus
1461 2016 1526 2051 est

141 2087 185 2129 in
218 2095 387 2129 senatu.
420 2086 564 2130 Etiam
598 2102 729 2130 causa
764 2087 918 2129 mortis
949 2085 1080 2129 fuisse
1116 2086 1153 2129 ei
1189 2103 1266 2146 per
1290 2088 1370 2130 Cn.
1402 2088 1524 2130 Piso-

143 2183 241 2210 nem
257 2200 268 2218 ,
290 2164 485 2227 legatum
505 2167 664 2226 Syriae,
691 2165 888 2209 creditur
910 2183 918 2209 :
941 2182 1071 2225 quem
1103 2183 1203 2209 mox
1230 2166 1360 2226 hujus
1381 2166 1527 2209 crimi-

141 2248 206 2290 nis
231 2263 377 2300 reum,
406 2255 561 2306 putant
588 2245 767 2305 quidam
797 2244 1003 2288 mandata
1031 2243 1335 2305 prolaturum,
1365 2246 1446 2288 nisi
1476 2263 1524 2289 ea

140 2336 306 2371 secreta
339 2326 578 2369 obstarent.
612 2327 694 2368 Per
722 2341 817 2384 quse
853 2323 1136 2367 multifariam
1171 2326 1455 2386 inscriptum,
1483 2336 1525 2368 et

140 2424 216 2468 per
247 2416 397 2450 noctes
427 2404 710 2448 celeberrime
741 2401 1031 2447 acclamatum
1065 2413 1128 2446 est
1154 2421 1163 2446 :
1190 2404 1378 2448 «Redde
1412 2407 1523 2447 Ger-

141 2488 374 2530 manicum.
393 2506 413 2526 »
441 2486 587 2543 Quam
613 2484 908 2546 suspicionem
936 2483 1213 2527 confirmavit
1242 2485 1333 2543 ipse
1355 2494 1524 2545 postea,

141 2567 328 2629 conjuge
354 2567 489 2616 etiam
507 2584 555 2610 ac
574 2565 721 2609 liberis
744 2565 1000 2609 Germanici
1027 2561 1247 2606 crudelem
1276 2564 1319 2606 in
1344 2562 1524 2606 modum

139 2648 325 2692 afflictis.

205 2730 322 2773 LIII.
352 2731 528 2774 Nurum
559 2729 875 2789 Agrippinam,
907 2735 1004 2786 post
1034 2725 1179 2768 mariti
1207 2734 1393 2767 mortem
1418 2722 1521 2766 libe-

1264 2820 1330 2847 10.
