1988 3439
828 270 972 305 NERO.
1504 274 1574 316 243

226 358 403 402 omnino
427 357 603 412 darent,
627 355 839 416 praebente
864 353 1014 396 aerario
1035 354 1221 414 gratuita
1244 371 1252 396 :
1279 364 1410 414 utque
1433 373 1576 401 rerum

225 447 324 482 actu
347 437 400 481 ab
424 438 573 481 aerario
598 449 733 479 causae
758 432 812 476 ad
837 435 996 476 Forum
1022 448 1070 476 ac
1094 443 1414 494 recuperatores
1439 446 1577 481 trans-

225 517 441 562 ferrentur
464 534 473 560 :
500 525 541 559 et
565 524 610 558 ut
642 529 790 556 omnes
814 511 1122 573 appellationes
1148 529 1172 556 a
1191 512 1409 572 judicibus
1435 515 1487 558 ad
1514 533 1577 560 se-

225 607 372 642 natum
397 597 557 641 fierent.

286 678 448 721 XVIII.
470 672 666 735 Augendi
689 672 1041 734 propagandique
1067 674 1234 734 imperii
1261 690 1399 734 neque
1426 674 1578 719 volun-

224 766 310 800 tate
336 754 447 810 ulla,
470 770 610 814 neque
627 769 701 814 spe
725 762 868 797 motus
886 769 1078 813 unquam
1094 788 1105 808 ,
1129 755 1256 798 etiam
1279 770 1329 799 ex
1353 755 1578 799 Britannia

225 835 434 880 deducere
464 834 696 878 exercitum
730 834 935 894 cogitavit
958 850 968 876 :
998 849 1076 877 nec
1099 834 1180 877 nisi
1213 833 1497 891 verecundia,
1522 852 1576 879 ne

221 915 461 958 obtrectare
478 914 665 974 parentis
688 911 834 973 gloriae
856 912 1086 968 videretur,
1104 912 1278 957 destitit.
1300 915 1427 958 Ponti
1447 914 1576 959 modo

221 1011 400 1056 regnum
417 1029 428 1049 ,
456 993 716 1038 concedente
740 992 993 1049 Polemone,
1018 994 1120 1037 item
1143 993 1345 1055 Alpium,
1372 994 1575 1040 defuncto

220 1075 389 1130 Cottio,
414 1075 457 1117 in
484 1075 712 1135 provinciae
735 1074 915 1118 formam
938 1073 1115 1134 redegit.

283 1156 402 1198 xlx.
432 1154 802 1214 Peregrinationes
826 1154 932 1197 duas
961 1156 1138 1197 omnino
1163 1157 1377 1215 suscepit,
1403 1156 1575 1200 alexan-

220 1233 388 1277 drinam
417 1243 459 1277 et
488 1234 705 1278 achaicam
734 1251 742 1276 :
771 1233 843 1277 sed
870 1233 1147 1278 alexandrina
1174 1237 1265 1295 ipso
1299 1236 1576 1296 profectionis

220 1313 288 1356 die
317 1312 507 1367 destitit,
534 1314 731 1357 turbatus
762 1312 968 1374 religione
994 1313 1119 1357 simul
1151 1331 1201 1357 ac
1233 1315 1434 1374 periculo.
1463 1318 1575 1360 Nam

219 1393 410 1436 circuitis
439 1391 607 1452 templis
635 1409 768 1452 quum
796 1394 837 1435 in
862 1393 949 1436 aede
971 1396 1111 1436 Vestae
1135 1393 1378 1451 resedisset,
1406 1412 1577 1439 consur-

219 1472 336 1532 genti
363 1473 400 1514 ei
434 1473 623 1532 primum
657 1471 811 1515 lacinia
836 1472 1013 1515 obhaesit
1040 1491 1048 1515 :
1078 1472 1233 1516 deinde
1269 1484 1390 1518 tanta
1422 1475 1575 1519 oborta

218 1550 356 1612 caligo
382 1562 470 1608 est,
498 1562 547 1595 ut
573 1551 785 1612 dispicere
808 1569 894 1595 non
923 1563 1078 1613 posset.
1106 1555 1155 1597 In
1184 1554 1342 1597 Achaia
1369 1555 1576 1598 isthmum

218 1631 442 1692 perfodere
471 1648 721 1692 aggressus,
754 1634 1035 1692 praetorianos
1070 1650 1149 1693 pro
1178 1635 1384 1677 concione
1424 1635 1477 1678 ad
1514 1636 1577 1678 in-

218 1710 463 1755 choandum
501 1728 611 1771 opus
648 1712 897 1755 cohortatus
935 1723 1023 1766 est3
1059 1713 1248 1772 tubaque
1286 1715 1408 1774 signo
1448 1714 1574 1769 dato,

219 1790 383 1851 primus
419 1790 592 1835 rastello
626 1792 807 1835 humum
836 1792 1009 1848 effodit,
1039 1803 1080 1836 et
1114 1793 1300 1837 corbulae
1330 1805 1575 1855 congestam

220 1871 408 1914 humeris
430 1870 595 1914 extulit.
624 1872 805 1914 Parabat
827 1882 867 1915 et
895 1872 948 1915 ad
975 1874 1150 1931 Caspias
1173 1884 1317 1933 portas
1343 1875 1576 1934 expeditio-

219 1966 341 2003 nem,
365 1952 608 2010 conscripta
631 1967 680 1994 ex
702 1950 854 1994 italicis
878 1967 1026 1994 senum
1051 1952 1210 2011 pedum
1232 1954 1444 1997 tironibus
1465 1971 1576 1998 nova

220 2028 411 2090 legione,
436 2046 566 2090 quam
594 2032 742 2090 Magni
771 2030 1002 2074 Alexandri
1032 2030 1285 2092 phalangem
1315 2032 1575 2093 appellabat.

219 2111 320 2152 ltaec
343 2110 498 2168 partim
526 2108 642 2153 nulla
669 2110 1027 2170 reprehensione,
1058 2113 1212 2170 partim
1231 2114 1358 2155 ctiam
1378 2130 1464 2156 non
1491 2129 1579 2156 nie-

221 2187 356 2231 diocri
389 2187 514 2232 laude
549 2188 678 2249 digna
714 2189 757 2232 in
790 2206 923 2232 unum
953 2189 1144 2245 contuli,
1176 2201 1223 2234 ut
1258 2208 1520 2236 secernerem
1553 2211 1574 2235 a

221 2267 390 2327 probris
412 2283 461 2311 ac
482 2266 713 2311 sceleribus
741 2270 850 2326 ejus,
873 2269 926 2311 dc
952 2271 1108 2328 quibus
1135 2270 1290 2314 dehinc
1314 2271 1466 2315 dicam.

285 2347 381 2389 XX.
411 2347 529 2390 Inter
546 2356 707 2390 ceteras
731 2346 976 2407 disciplinas
1005 2350 1195 2407 pueritiae
1223 2360 1413 2410 tempore
1442 2351 1576 2394 imbu-

222 2435 291 2470 tus
310 2435 352 2469 et
373 2427 552 2482 musica,
580 2428 720 2470 statim
741 2437 788 2470 ut
811 2429 1036 2487 imperium
1053 2428 1234 2488 adeptus
1249 2439 1312 2473 cst
1326 2465 1335 2483 ,
1355 2433 1574 2491 Terpnum

221 2506 505 2550 citharoedum
523 2542 534 2562 ‚
559 2508 770 2568 vigentem
794 2518 896 2551 tunc
919 2518 1067 2569 practer
1084 2508 1470 2565 alios,arccssivit;
1495 2510 1579 2552 die-

221 2585 387 2646 busque
421 2588 635 2630 continuis
666 2597 761 2648 post
794 2605 958 2632 coenam
1000 2590 1169 2632 canenti
1215 2591 1254 2631 in
1288 2589 1465 2633 multam
1502 2606 1577 2633 no-

223 2674 332 2709 ctem
357 2665 567 2722 assidens,
584 2665 789 2726 paulatim
808 2677 847 2711 et
867 2668 956 2728 ipse
979 2668 1175 2712 meditari
1200 2666 1472 2727 exercerique
1495 2684 1574 2711 coe-

1319 2747 1387 2791 16.
