1971 3342
395 224 464 259 ¹28
925 226 965 260 C.
1003 227 1232 262 SUETONII

390 323 540 367 quam,
577 309 770 368 Agrippa
803 307 1002 352 abdicato
1033 319 1162 369 atquc
1195 307 1402 369 seposito,
1441 316 1605 350 certum
1643 316 1757 362 erat,

390 387 466 428 uni
496 403 615 447 spem
645 388 928 431 successionis
957 388 1217 432 incumbere.

452 468 570 511 XVI.
602 469 716 511 Data
748 484 897 511 rursus
932 477 1121 528 potestas
1159 468 1387 511 tribunicia
1430 467 1472 509 in
1513 467 1759 526 quinquen·

389 546 511 589 nium
534 563 543 588 ε
568 546 787 607 delegatus
812 546 1017 607 pacandae
1036 548 1283 591 Germaniae
1306 557 1440 591 status
1465 563 1474 589 ε
1498 546 1758 590 Parthorum

388 623 545 686 legati,
572 625 786 671 mandatis
814 628 1013 686 Augusto
1047 628 1197 671 Romae
1224 626 1426 683 redditis,
1458 643 1557 670 eum
1589 641 1761 685 quoque

389 705 508 748 adire
532 707 576 748 in
597 706 823 766 provincia
840 706 961 765 jussi.
985 706 1070 750 Sed
1093 707 1298 750 nunciata
1318 705 1480 767 Illyrici
1501 705 1760 760 defectione,

388 786 561 829 transiit
583 785 637 828 ad
659 803 809 829 curam
833 787 935 829 novi
955 786 1055 830 belli
1073 804 1081 831 z
1105 787 1223 848 quod
1242 788 1545 849 gravissimum
1563 787 1761 830 omnium

389 875 671 909 externorum
691 865 906 910 bellorum
930 877 1028 927 post
1051 869 1234 925 Punica,
1259 884 1336 929 per
1359 866 1608 928 quindecim
1634 865 1763 927 legio-

389 962 488 1001 nes,
525 962 760 1006 paremque
792 946 1055 991 auxiliorum
1088 949 1280 1009 copiam,
1314 948 1502 991 triennio
1530 946 1685 1007 gessit,
1718 946 1761 988 in

387 1027 555 1086 magnis
586 1027 781 1070 omnium
815 1044 962 1071 rerum
997 1028 1347 1084 difficultatibus,
1380 1043 1633 1087 summaque
1670 1025 1762 1069 fru-

385 1122 489 1164 gum
519 1106 679 1166 inopia.
707 1109 764 1150 Et
792 1123 1058 1167 quamquam
1088 1109 1242 1168 saepius
1278 1116 1578 1163 revocaretur,
1615 1115 1761 1149 tamen

384 1186 700 1244 perseveravit3
731 1196 950 1243 metuens,
981 1203 1035 1230 ne
1066 1188 1236 1231 vicinus
1276 1196 1317 1230 et
1351 1186 1590 1247 praevalens
1625 1186 1762 1230 hostis

386 1265 567 1308 instaret
589 1263 705 1309 ultro
729 1265 995 1310 cedentibus.
1028 1269 1092 1311 Ac
1120 1267 1452 1327 perseverantiae
1482 1266 1646 1327 grande
1671 1283 1763 1327 pre-

387 1345 496 1388 tium
521 1343 643 1399 tulit,
668 1355 760 1389 toto
783 1344 982 1405 Illyrico,
1011 1346 1129 1406 quod
1155 1347 1269 1390 inter
1293 1346 1464 1390 Italiam
1488 1364 1761 1407 regnumque

386 1425 598 1469 Noricum
610 1434 653 1468 ct
665 1426 895 1469 Thraciam
911 1436 953 1469 et
970 1426 1279 1469 Macedoniam
1296 1427 1493 1486 interque
1506 1427 1760 1471 Danubium

386 1502 549 1547 flumen
578 1514 619 1547 et
642 1505 785 1547 sinum
810 1506 941 1548 maris
965 1506 1177 1550 Adriatici
1208 1516 1347 1566 patet,
1374 1506 1621 1567 perdomito
1649 1516 1692 1550 et
1717 1507 1759 1549 in

384 1583 597 1627 ditionem
621 1584 810 1628 redacto.

447 1665 592 1708 XVII.
621 1665 704 1709 Cui
729 1664 876 1726 gloriae
897 1665 1085 1726 amplior
1103 1666 1245 1711 adhuc
1265 1684 1317 1710 ex
1340 1667 1669 1727 opportunitate
1688 1683 1761 1710 cu-

385 1744 528 1788 mulus
552 1746 742 1788 accessit.
766 1747 881 1790 Nam
907 1747 987 1789 sub
1012 1747 1055 1789 id
1078 1746 1166 1790 fere
1194 1757 1366 1808 tempus
1388 1747 1657 1804 Quinctilius
1674 1750 1761 1791 Van

385 1842 458 1868 rus
489 1842 589 1869 cum
626 1826 764 1869 tribus
794 1825 1038 1887 legionibus
1068 1828 1111 1869 in
1140 1828 1378 1871 Germania
1407 1828 1560 1888 periit3
1588 1828 1761 1871 nemine

382 1904 633 1961 dubitante,
654 1906 761 1965 quin
786 1906 975 1949 victores
1001 1908 1213 1950 Germani
1237 1907 1433 1967 juncturi
1457 1923 1500 1950 se
1520 1908 1758 1951 Pannoniis

382 1984 563 2041 fuerint,
591 1985 673 2028 nisi
702 1984 966 2029 debellatum
994 1987 1114 2046 prius
1146 1985 1367 2045 Illyricum
1396 1995 1518 2029 esset.
1552 1987 1672 2042 Quas
1703 1987 1757 2029 ob

381 2081 449 2108 res
477 2065 727 2124 triumphus
758 2066 795 2107 ci
822 2064 1021 2107 decretus
1046 2075 1133 2120 cst,
1154 2064 1368 2125 inultique
1390 2076 1433 2108 et
1451 2067 1597 2126 magni
1622 2067 1757 2109 hono-

381 2160 461 2186 reS.
490 2146 769 2187 Censuerunt
795 2144 924 2186 ctiam
951 2143 1128 2204 quidam
1145 2179 1155 2199 ,
1185 2155 1234 2188 ut
1258 2146 1559 2202 Pannonicus,
1587 2144 1682 2202 alii,
1709 2156 1755 2190 ut

380 2224 595 2278 Invictus,
640 2221 867 2279 nonnulli,
908 2233 956 2266 ut
999 2226 1100 2267 Pius
1138 2226 1535 2284 cognominaretur.
1580 2225 1663 2269 Sed
1703 2225 1755 2268 dc

380 2304 641 2363 cognomine
675 2304 916 2347 intercessit
950 2306 1194 2364 Augustus,
1229 2322 1279 2348 eo
1313 2315 1571 2349 contentum
1603 2322 1753 2367 repro-

379 2384 578 2439 mittens,
601 2383 719 2442 quod
735 2400 778 2426 se
792 2384 998 2428 defuncto
1016 2395 1298 2445 suscepturus
1318 2396 1441 2429 esset.
1459 2386 1752 2445 Triumphum

380 2463 470 2523 ipse
495 2463 684 2520 distulit,
706 2475 858 2508 moesta
878 2467 1051 2508 civitate
1070 2465 1190 2508 clade
1207 2467 1410 2510 Variana.
1435 2466 1586 2512 Nihilo
1610 2467 1751 2509 minus

380 2543 545 2586 Urbem
579 2554 859 2604 praetextatus
895 2555 937 2587 ct
966 2544 1111 2589 laurea
1145 2556 1378 2589 coronatus
1412 2546 1608 2600 intravit3
1639 2547 1751 2606 posi·-

381 2633 560 2682 tumque
588 2624 629 2666 in
653 2623 1031 2684 Septis'tribunal,
1053 2636 1202 2669 senatu
1231 2627 1454 2683 adstante,
1479 2627 1750 2682 conscendit,
