1971 3342
436 292 505 336 148
965 290 1002 324 C.
1029 288 1258 325 SUETONII

431 376 522 419 rius
559 374 766 436 quiddam
801 382 1022 434 questam,
1053 387 1185 420 manu
1225 366 1534 429 apprehendit,
1572 383 1796 427 graecoque

434 471 586 511 versu,
615 454 694 498 «Si
730 470 818 497 non
856 451 1116 506 dominaris,
1146 449 1311 509 inquit,
1342 445 1496 502 filiola,
1527 446 1730 505 injuriam
1758 454 1799 488 te

434 535 629 595 accipere
649 532 928 577 existimas?»
948 548 1026 574 nec
1046 528 1134 573 ullo
1152 546 1253 573 mox
1274 543 1473 572 sermone
1498 525 1701 587 dignatus
1720 534 1798 568 est.

435 612 674 670 Quondam
698 628 802 655 vero
820 611 934 654 inter
956 625 1123 653 coenam
1147 617 1347 669 porrecta
1369 624 1393 650 a
1416 622 1458 648 se
1475 620 1606 666 poma
1626 613 1801 664 gustare

436 710 525 737 non
557 709 732 748 ausam,
767 691 898 734 etiam
928 706 1085 733 vocare
1119 688 1269 744 desiit,
1304 685 1537 740 simulans,
1567 684 1724 727 veneni
1759 700 1802 726 se

435 773 618 816 crimine
642 771 819 827 arcessi3
850 786 985 829 quum
1014 776 1319 828 praestructum
1342 776 1578 825 utrumque
1602 761 1803 807 consulto

437 861 571 908 esset,
603 860 651 894 ut
680 860 724 894 et
750 851 841 911 ipse
874 848 1071 893 tentandi
1103 848 1244 908 gratia
1275 846 1474 901 offerret,
1509 854 1551 888 et
1582 842 1655 886 illa
1680 844 1803 903 quasi

437 931 729 974 certissimum
770 930 947 972 exitium
987 936 1170 971 caveret.
1206 925 1454 970 Novissime
1492 922 1805 977 calumniatus,

440 1009 570 1053 modo
591 1009 645 1052 ad
665 1018 853 1052 statuam
874 1007 1085 1067 Augusti,
1111 1004 1240 1049 modo
1265 1003 1319 1047 ad
1339 1003 1553 1047 exercitus
1573 1001 1808 1061 confugere

440 1088 572 1144 velle,
594 1088 897 1132 Pandateriam
918 1085 1148 1146 relegavit;
1169 1083 1517 1141 conviciantique
1538 1079 1714 1124 oculum
1733 1096 1809 1139 per

441 1167 744 1210 centurionem
784 1165 1034 1208 verberibus
1075 1164 1274 1207 excussit.
1319 1164 1491 1204 Rursus
1521 1159 1633 1203 mori
1669 1158 1812 1202 inedia

443 1245 700 1302 destinanti,
729 1261 806 1306 per
828 1245 916 1287 vim
943 1259 1017 1287 ore
1043 1241 1247 1297 diducto,
1273 1239 1463 1284 infulciri
1491 1239 1638 1283 cibum
1664 1238 1807 1299 jussit.

445 1324 529 1369 Sed
554 1335 597 1368 et
621 1332 994 1385 perseverantem,
1026 1332 1156 1381 atque
1176 1322 1236 1364 ita
1253 1320 1518 1375 absumtam,
1546 1318 1811 1362 criminosis-

443 1405 550 1448 sime
593 1405 830 1447 insectatus
859 1412 945 1457 est,
969 1417 1106 1461 quum
1143 1400 1257 1443 diem
1288 1414 1463 1459 quoque
1498 1396 1686 1440 natalem
1721 1397 1814 1456 ejus

445 1484 558 1527 inter
597 1482 786 1527 nefastos
827 1479 1105 1525 referendum
1139 1479 1354 1523 suasisset.
1382 1476 1625 1537 Imputavit
1657 1477 1814 1529 etiam,

446 1561 564 1622 quod
592 1579 679 1605 non
707 1560 863 1621 laqueo
891 1558 1207 1621 strangulatam
1243 1559 1287 1601 in
1318 1556 1555 1602 Gemonias
1581 1554 1814 1616 abjecerit:

447 1658 614 1703 proque
631 1639 706 1685 tali
727 1640 957 1684 clementia
977 1638 1196 1698 interponi
1213 1636 1437 1680 decretum
1458 1651 1609 1695 passus
1628 1643 1713 1691 est,
1730 1650 1818 1694 quo

448 1721 530 1764 sibi
557 1721 705 1782 gratiae
732 1729 980 1782 agerentur,
1002 1727 1045 1762 et
1063 1716 1314 1777 Capitolino
1339 1715 1435 1758 Jovi
1454 1713 1620 1758 donum
1640 1730 1691 1757 ex
1711 1729 1820 1757 auro

448 1809 706 1844 sacraretur.

510 1881 625 1924 LIV.
653 1880 805 1935 Quum
826 1896 875 1923 ex
901 1878 1167 1924 Germanico
1192 1886 1278 1920 tres
1303 1884 1511 1936 nepotes,
1533 1875 1757 1919 Neronem
1780 1882 1823 1915 et

447 1960 643 2002 Drusum
665 1968 708 2002 et
731 1959 884 2002 Caium
899 1993 910 2015 ,
932 1974 983 2001 ex
1001 1959 1150 2001 Druso
1171 1972 1331 2011 unum,
1351 1954 1597 2009 Tiberium,
1623 1952 1823 2005 haberet3

449 2037 684 2081 destitutus
698 2047 837 2080 morte
858 2036 1121 2091 liberorum,
1141 2035 1353 2077 maximos
1372 2042 1478 2075 natu
1496 2032 1549 2075 dc
1567 2030 1825 2075 Germanici

449 2114 569 2171 siliis,
587 2117 809 2160 Neronem
827 2124 867 2157 et
884 2117 1100 2169 Drusum,
1119 2115 1165 2156 P.
1182 2116 1230 2157 C.
1252 2110 1599 2155 commendavit:
1622 2109 1825 2167 diemque

450 2194 676 2252 utriusque
701 2194 914 2249 tirocinii,
940 2193 1163 2253 congiario
1189 2191 1302 2252 plebi
1325 2190 1448 2245 dato,
1474 2188 1722 2233 celebravit.
1740 2186 1825 2230 Sed

450 2282 499 2315 ut
530 2274 767 2333 comperit,
798 2274 976 2316 ineunte
1013 2289 1150 2329 anno,
1177 2288 1258 2331 pro
1293 2287 1445 2314 eorum
1482 2285 1656 2329 quoque
1689 2267 1826 2311 salute

450 2350 624 2413 publice
655 2361 755 2395 vota
790 2362 1014 2412 suscepta,
1048 2352 1136 2412 egit
1171 2367 1271 2394 cum
1305 2359 1481 2405 senatu,
1507 2350 1644 2392 «Non
1674 2346 1827 2389 debere

454 2430 557 2474 talia
585 2432 761 2491 praemia
797 2432 957 2487 tribui,
988 2432 1070 2474 nisi
1103 2431 1292 2490 expertis
1321 2439 1363 2472 et
1391 2438 1516 2472 aetate
1548 2426 1826 2488 provectis:»

451 2519 581 2570 atque
601 2528 651 2554 ex
673 2527 750 2566 eo,
775 2511 990 2571 patefacta
1014 2510 1223 2553 interiore
1239 2509 1372 2551 animi
1396 2509 1460 2551 sui
1478 2517 1599 2562 nota,
1626 2504 1825 2548 omnium

455 2590 836 2652 criminationibus
859 2590 1071 2632 obnoxios
1102 2587 1291 2630 reddidit
1315 2604 1324 2630 z
1353 2587 1557 2644 variaque
1584 2583 1735 2627 fraude
1762 2584 1826 2628 ln-

454 2666 634 2723 ductos,
675 2678 722 2711 ut
755 2678 796 2710 et
829 2669 1156 2711 concitarentur
1196 2666 1248 2708 ad
1286 2666 1505 2720 convicia,
1539 2673 1582 2706 et
1620 2662 1825 2706 concitati
