<?xml version="1.0" encoding="UTF-8"?>
<!DOCTYPE html PUBLIC "-//W3C//DTD XHTML 1.0 Transitional//EN"
    "http://www.w3.org/TR/xhtml1/DTD/xhtml1-transitional.dtd">
<html xmlns="http://www.w3.org/1999/xhtml" xml:lang="en" lang="en">
 <head>
  <title>
</title>
<meta http-equiv="Content-Type" content="text/html;charset=utf-8" />
  <meta name='ocr-system' content='tesseract 3.04.00' />
  <meta name='ocr-capabilities' content='ocr_page ocr_carea ocr_par ocr_line ocrx_word'/>
</head>
<body>
  <div class='ocr_page' id='page_1' title='image "./operagro00suetuoft_0168.png"; bbox 0 0 1971 3342; ppageno 0'>
   <div class='ocr_carea' id='block_1_1' title="bbox 380 220 1209 266">
    <p class='ocr_par' dir='ltr' id='par_1_1' title="bbox 380 220 1209 266">
     <span class='ocr_line' id='line_1_1' title="bbox 380 220 1209 266; baseline 0.01 -7"><span class='ocrx_word' id='word_1_1' title='bbox 380 231 448 266; x_wconf 68' lang='lat'>140</span> <span class='ocrx_word' id='word_1_2' title='bbox 847 220 850 221; x_wconf 72' lang='grc'>’</span> <span class='ocrx_word' id='word_1_3' title='bbox 913 232 949 263; x_wconf 86' lang='lat' dir='ltr'>c.</span> <span class='ocrx_word' id='word_1_4' title='bbox 982 232 1209 266; x_wconf 71' lang='lat' dir='ltr'>sUE&#39;roNn</span> 
     </span>
    </p>
   </div>
   <div class='ocr_carea' id='block_1_2' title="bbox 375 310 1747 1092">
    <p class='ocr_par' dir='ltr' id='par_1_2' title="bbox 375 310 1747 1092">
     <span class='ocr_line' id='line_1_2' title="bbox 376 310 1739 377; baseline 0.009 -28"><span class='ocrx_word' id='word_1_5' title='bbox 376 317 582 367; x_wconf 84' lang='lat' dir='ltr'>perpetua</span> <span class='ocrx_word' id='word_1_6' title='bbox 612 310 781 353; x_wconf 85' lang='lat' dir='ltr'>vincula</span> <span class='ocrx_word' id='word_1_7' title='bbox 823 313 1021 372; x_wconf 86' lang='lat' dir='ltr'>conjecit.</span> <span class='ocrx_word' id='word_1_8' title='bbox 1065 314 1262 357; x_wconf 73' lang='lat' dir='ltr'>Abolevit</span> <span class='ocrx_word' id='word_1_9' title='bbox 1299 325 1340 358; x_wconf 81' lang='lat' dir='ltr'>et</span> <span class='ocrx_word' id='word_1_10' title='bbox 1374 317 1457 359; x_wconf 87' lang='lat' dir='ltr'>vim</span> <span class='ocrx_word' id='word_1_11' title='bbox 1490 330 1739 377; x_wconf 73' lang='lat' dir='ltr'>moremque</span> 
     </span>
     <span class='ocr_line' id='line_1_3' title="bbox 375 386 1742 454; baseline 0.008 -26"><span class='ocrx_word' id='word_1_12' title='bbox 375 386 611 446; x_wconf 83' lang='lat' dir='ltr'>asylorum,</span> <span class='ocrx_word' id='word_1_13' title='bbox 636 406 729 448; x_wconf 84' lang='lat' dir='ltr'>quae</span> <span class='ocrx_word' id='word_1_14' title='bbox 758 407 940 449; x_wconf 81' lang='lat' dir='ltr'>usquam</span> <span class='ocrx_word' id='word_1_15' title='bbox 964 403 1099 436; x_wconf 84' lang='lat' dir='ltr'>erant.</span> <span class='ocrx_word' id='word_1_16' title='bbox 1128 395 1372 454; x_wconf 78' lang='lat' dir='ltr'><strong>Cyzicenis,</strong></span> <span class='ocrx_word' id='word_1_17' title='bbox 1403 396 1444 438; x_wconf 91' lang='lat' dir='ltr'>in</span> <span class='ocrx_word' id='word_1_18' title='bbox 1468 396 1583 439; x_wconf 87' lang='lat' dir='ltr'>cives</span> <span class='ocrx_word' id='word_1_19' title='bbox 1605 411 1742 439; x_wconf 85' lang='lat' dir='ltr'>roma—</span> 
     </span>
     <span class='ocr_line' id='line_1_4' title="bbox 375 467 1741 533; baseline 0.008 -24"><span class='ocrx_word' id='word_1_20' title='bbox 375 483 453 510; x_wconf 91' lang='lat' dir='ltr'>nos</span> <span class='ocrx_word' id='word_1_21' title='bbox 475 467 704 512; x_wconf 87' lang='lat' dir='ltr'>violentius</span> <span class='ocrx_word' id='word_1_22' title='bbox 723 470 917 529; x_wconf 83' lang='lat' dir='ltr'>quaedam</span> <span class='ocrx_word' id='word_1_23' title='bbox 942 473 1076 529; x_wconf 86' lang='lat' dir='ltr'>ausis,</span> <span class='ocrx_word' id='word_1_24' title='bbox 1100 473 1272 533; x_wconf 87' lang='lat' dir='ltr'>publice</span> <span class='ocrx_word' id='word_1_25' title='bbox 1296 474 1541 519; x_wconf 86' lang='lat' dir='ltr'>libertatem</span> <span class='ocrx_word' id='word_1_26' title='bbox 1561 475 1741 530; x_wconf 84' lang='lat' dir='ltr'>ademit,</span> 
     </span>
     <span class='ocr_line' id='line_1_5' title="bbox 375 550 1742 611; baseline 0.007 -21"><span class='ocrx_word' id='word_1_27' title='bbox 375 564 504 607; x_wconf 82' lang='lat' dir='ltr'>quam</span> <span class='ocrx_word' id='word_1_28' title='bbox 543 550 841 593; x_wconf 75' lang='lat' dir='ltr'>Mithridatico</span> <span class='ocrx_word' id='word_1_29' title='bbox 885 550 999 594; x_wconf 92' lang='lat' dir='ltr'>bello</span> <span class='ocrx_word' id='word_1_30' title='bbox 1042 565 1302 598; x_wconf 87' lang='lat' dir='ltr'>meruerant.</span> <span class='ocrx_word' id='word_1_31' title='bbox 1348 554 1534 599; x_wconf 81' lang='lat' dir='ltr'>Hostiles</span> <span class='ocrx_word' id='word_1_32' title='bbox 1579 564 1742 611; x_wconf 78' lang='lat' dir='ltr'>motUS,</span> 
     </span>
     <span class='ocr_line' id='line_1_6' title="bbox 376 627 1742 696; baseline 0.008 -26"><span class='ocrx_word' id='word_1_33' title='bbox 376 627 492 671; x_wconf 85' lang='lat' dir='ltr'>nulla</span> <span class='ocrx_word' id='word_1_34' title='bbox 530 639 678 689; x_wconf 87' lang='lat' dir='ltr'>postea</span> <span class='ocrx_word' id='word_1_35' title='bbox 715 629 991 690; x_wconf 81' lang='lat' dir='ltr'>expeditione</span> <span class='ocrx_word' id='word_1_36' title='bbox 1028 644 1243 693; x_wconf 84' lang='lat' dir='ltr'>suscepta,</span> <span class='ocrx_word' id='word_1_37' title='bbox 1273 652 1352 695; x_wconf 90' lang='lat' dir='ltr'>per</span> <span class='ocrx_word' id='word_1_38' title='bbox 1380 636 1542 696; x_wconf 78' lang='lat' dir='ltr'>legatos</span> <span class='ocrx_word' id='word_1_39' title='bbox 1568 652 1742 696; x_wconf 85' lang='lat' dir='ltr'>compe-</span> 
     </span>
     <span class='ocr_line' id='line_1_7' title="bbox 375 709 1738 769; baseline 0.008 -20"><span class='ocrx_word' id='word_1_40' title='bbox 375 709 485 751; x_wconf 80' lang='lat' dir='ltr'>scuit</span> <span class='ocrx_word' id='word_1_41' title='bbox 505 725 513 750; x_wconf 74' lang='grc' dir='ltr'>ε</span> <span class='ocrx_word' id='word_1_42' title='bbox 536 725 613 751; x_wconf 88' lang='lat' dir='ltr'>nec</span> <span class='ocrx_word' id='word_1_43' title='bbox 634 725 711 768; x_wconf 88' lang='lat' dir='ltr'>per</span> <span class='ocrx_word' id='word_1_44' title='bbox 729 726 801 753; x_wconf 88' lang='lat' dir='ltr'>eos</span> <span class='ocrx_word' id='word_1_45' title='bbox 821 710 1018 769; x_wconf 88' lang='lat' dir='ltr'>quidem,</span> <span class='ocrx_word' id='word_1_46' title='bbox 1043 713 1121 755; x_wconf 89' lang='lat' dir='ltr'>nisi</span> <span class='ocrx_word' id='word_1_47' title='bbox 1146 724 1401 758; x_wconf 76' lang='lat' dir='ltr'>cunctanter</span> <span class='ocrx_word' id='word_1_48' title='bbox 1421 726 1463 759; x_wconf 90' lang='lat' dir='ltr'>et</span> <span class='ocrx_word' id='word_1_49' title='bbox 1484 716 1738 759; x_wconf 84' lang='lat' dir='ltr'>necessario.</span> 
     </span>
     <span class='ocr_line' id='line_1_8' title="bbox 377 789 1744 856; baseline 0.006 -26"><span class='ocrx_word' id='word_1_50' title='bbox 377 790 516 848; x_wconf 82' lang='lat' dir='ltr'><strong>Reges</strong></span> <span class='ocrx_word' id='word_1_51' title='bbox 545 789 721 832; x_wconf 86' lang='lat' dir='ltr'>infestos</span> <span class='ocrx_word' id='word_1_52' title='bbox 753 801 1060 851; x_wconf 77' lang='lat' dir='ltr'><strong>suspectosque</strong></span> <span class='ocrx_word' id='word_1_53' title='bbox 1091 794 1502 839; x_wconf 78' lang='lat' dir='ltr'>comminationibus</span> <span class='ocrx_word' id='word_1_54' title='bbox 1539 796 1674 856; x_wconf 79' lang='lat' dir='ltr'>magis</span> <span class='ocrx_word' id='word_1_55' title='bbox 1702 805 1744 838; x_wconf 89' lang='lat' dir='ltr'>et</span> 
     </span>
     <span class='ocr_line' id='line_1_9' title="bbox 376 868 1744 936; baseline 0.007 -27"><span class='ocrx_word' id='word_1_56' title='bbox 376 868 583 926; x_wconf 79' lang='lat' dir='ltr'><strong>querelis,</strong></span> <span class='ocrx_word' id='word_1_57' title='bbox 613 886 742 928; x_wconf 85' lang='lat' dir='ltr'>quam</span> <span class='ocrx_word' id='word_1_58' title='bbox 773 872 833 925; x_wconf 90' lang='lat' dir='ltr'>vi,</span> <span class='ocrx_word' id='word_1_59' title='bbox 865 873 1082 931; x_wconf 78' lang='lat' dir='ltr'><strong>repressit.</strong></span> <span class='ocrx_word' id='word_1_60' title='bbox 1120 874 1364 931; x_wconf 87' lang='lat' dir='ltr'>Quosdam,</span> <span class='ocrx_word' id='word_1_61' title='bbox 1402 892 1479 936; x_wconf 87' lang='lat' dir='ltr'>per</span> <span class='ocrx_word' id='word_1_62' title='bbox 1512 875 1744 918; x_wconf 79' lang='lat' dir='ltr'>blanditias</span> 
     </span>
     <span class='ocr_line' id='line_1_10' title="bbox 376 950 1747 1008; baseline 0.007 -19"><span class='ocrx_word' id='word_1_63' title='bbox 376 957 506 1006; x_wconf 83' lang='lat' dir='ltr'>atque</span> <span class='ocrx_word' id='word_1_64' title='bbox 536 950 747 1008; x_wconf 87' lang='lat' dir='ltr'>promissa</span> <span class='ocrx_word' id='word_1_65' title='bbox 776 961 988 995; x_wconf 74' lang='lat' dir='ltr'>extractos</span> <span class='ocrx_word' id='word_1_66' title='bbox 1015 952 1069 995; x_wconf 86' lang='lat' dir='ltr'>ad</span> <span class='ocrx_word' id='word_1_67' title='bbox 1097 970 1161 1007; x_wconf 86' lang='lat' dir='ltr'>se,</span> <span class='ocrx_word' id='word_1_68' title='bbox 1192 970 1280 996; x_wconf 88' lang='lat' dir='ltr'>nou</span> <span class='ocrx_word' id='word_1_69' title='bbox 1307 955 1503 998; x_wconf 78' lang='lat' dir='ltr'>remisit:</span> <span class='ocrx_word' id='word_1_70' title='bbox 1532 965 1578 998; x_wconf 87' lang='lat' dir='ltr'>ut</span> <span class='ocrx_word' id='word_1_71' title='bbox 1600 957 1747 999; x_wconf 82' lang='lat' dir='ltr'>Maro-</span> 
     </span>
     <span class='ocr_line' id='line_1_11' title="bbox 378 1028 1745 1092; baseline 0.005 -23"><span class='ocrx_word' id='word_1_72' title='bbox 378 1028 568 1071; x_wconf 91' lang='lat' dir='ltr'>boduum</span> <span class='ocrx_word' id='word_1_73' title='bbox 590 1031 882 1086; x_wconf 79' lang='lat' dir='ltr'>Germanum,</span> <span class='ocrx_word' id='word_1_74' title='bbox 904 1032 1214 1092; x_wconf 74' lang='lat' dir='ltr'>Rhascupolim</span> <span class='ocrx_word' id='word_1_75' title='bbox 1228 1035 1464 1089; x_wconf 84' lang='lat' dir='ltr'>Thracem,</span> <span class='ocrx_word' id='word_1_76' title='bbox 1485 1034 1745 1078; x_wconf 80' lang='lat' dir='ltr'>Archelaum</span> 
     </span>
    </p>
   </div>
   <div class='ocr_carea' id='block_1_3' title="bbox 377 1109 1748 1175">
    <p class='ocr_par' dir='ltr' id='par_1_3' title="bbox 377 1109 1748 1175">
     <span class='ocr_line' id='line_1_12' title="bbox 377 1109 1748 1175; baseline 0.006 -25"><span class='ocrx_word' id='word_1_77' title='bbox 377 1109 704 1168; x_wconf 76' lang='lat' dir='ltr'>Cappadocem,</span> <span class='ocrx_word' id='word_1_78' title='bbox 733 1112 855 1171; x_wconf 88' lang='lat' dir='ltr'>cujus</span> <span class='ocrx_word' id='word_1_79' title='bbox 879 1113 1007 1155; x_wconf 86' lang='lat' dir='ltr'>etiam</span> <span class='ocrx_word' id='word_1_80' title='bbox 1030 1130 1211 1174; x_wconf 79' lang='lat' dir='ltr'>regnum</span> <span class='ocrx_word' id='word_1_81' title='bbox 1240 1115 1280 1156; x_wconf 91' lang='lat' dir='ltr'>in</span> <span class='ocrx_word' id='word_1_82' title='bbox 1310 1114 1488 1158; x_wconf 87' lang='lat' dir='ltr'>formam</span> <span class='ocrx_word' id='word_1_83' title='bbox 1516 1115 1748 1175; x_wconf 81' lang='lat' dir='ltr'>provinciae</span> 
     </span>
    </p>
   </div>
   <div class='ocr_carea' id='block_1_4' title="bbox 379 1188 1763 2608">
    <p class='ocr_par' dir='ltr' id='par_1_4' title="bbox 379 1188 557 1248">
     <span class='ocr_line' id='line_1_13' title="bbox 379 1188 557 1248; baseline 0.011 -19"><span class='ocrx_word' id='word_1_84' title='bbox 379 1188 557 1248; x_wconf 80' lang='lat' dir='ltr'>redegit.</span> 
     </span>
    </p>

    <p class='ocr_par' dir='ltr' id='par_1_5' title="bbox 380 1271 1760 2131">
     <span class='ocr_line' id='line_1_14' title="bbox 444 1271 1749 1336; baseline 0.005 -25"><span class='ocrx_word' id='word_1_85' title='bbox 444 1271 693 1314; x_wconf 87' lang='lat' dir='ltr'>XXXVIII.</span> <span class='ocrx_word' id='word_1_86' title='bbox 720 1272 901 1316; x_wconf 88' lang='lat' dir='ltr'>Biennio</span> <span class='ocrx_word' id='word_1_87' title='bbox 920 1274 1126 1317; x_wconf 88' lang='lat' dir='ltr'>continuo</span> <span class='ocrx_word' id='word_1_88' title='bbox 1150 1285 1247 1334; x_wconf 89' lang='lat' dir='ltr'>post</span> <span class='ocrx_word' id='word_1_89' title='bbox 1269 1275 1474 1336; x_wconf 81' lang='lat' dir='ltr'>adeptum</span> <span class='ocrx_word' id='word_1_90' title='bbox 1498 1276 1749 1335; x_wconf 88' lang='lat' dir='ltr'>imperium,</span> 
     </span>
     <span class='ocr_line' id='line_1_15' title="bbox 380 1348 1751 1414; baseline 0.005 -23"><span class='ocrx_word' id='word_1_91' title='bbox 380 1348 533 1408; x_wconf 86' lang='lat' dir='ltr'>pedem</span> <span class='ocrx_word' id='word_1_92' title='bbox 572 1361 698 1409; x_wconf 86' lang='lat' dir='ltr'>porta</span> <span class='ocrx_word' id='word_1_93' title='bbox 732 1369 818 1395; x_wconf 86' lang='lat' dir='ltr'>non</span> <span class='ocrx_word' id='word_1_94' title='bbox 861 1352 1014 1396; x_wconf 73' lang='lat' dir='ltr'>extulit</span> <span class='ocrx_word' id='word_1_95' title='bbox 1044 1371 1051 1396; x_wconf 94' lang='lat'>:</span> <span class='ocrx_word' id='word_1_96' title='bbox 1087 1356 1283 1413; x_wconf 76' lang='lat' dir='ltr'>sequenti</span> <span class='ocrx_word' id='word_1_97' title='bbox 1319 1365 1536 1414; x_wconf 81' lang='lat' dir='ltr'>tempore,</span> <span class='ocrx_word' id='word_1_98' title='bbox 1576 1364 1751 1414; x_wconf 84' lang='lat' dir='ltr'>praeter·</span> 
     </span>
     <span class='ocr_line' id='line_1_16' title="bbox 382 1430 1752 1495; baseline 0.003 -24"><span class='ocrx_word' id='word_1_99' title='bbox 382 1445 512 1487; x_wconf 86' lang='lat' dir='ltr'>quam</span> <span class='ocrx_word' id='word_1_100' title='bbox 541 1430 582 1472; x_wconf 87' lang='lat' dir='ltr'>in</span> <span class='ocrx_word' id='word_1_101' title='bbox 616 1432 862 1491; x_wconf 84' lang='lat' dir='ltr'>propinqua</span> <span class='ocrx_word' id='word_1_102' title='bbox 892 1434 1072 1493; x_wconf 79' lang='lat' dir='ltr'>oppida,</span> <span class='ocrx_word' id='word_1_103' title='bbox 1101 1444 1143 1477; x_wconf 78' lang='lat' dir='ltr'>ct</span> <span class='ocrx_word' id='word_1_104' title='bbox 1169 1451 1299 1493; x_wconf 87' lang='lat' dir='ltr'>quum</span> <span class='ocrx_word' id='word_1_105' title='bbox 1327 1434 1595 1495; x_wconf 81' lang='lat' dir='ltr'>longissime,</span> <span class='ocrx_word' id='word_1_106' title='bbox 1627 1435 1752 1477; x_wconf 67' lang='lat' dir='ltr'>Antio</span> 
     </span>
     <span class='ocr_line' id='line_1_17' title="bbox 384 1513 1754 1574; baseline 0.002 -22"><span class='ocrx_word' id='word_1_107' title='bbox 384 1519 528 1565; x_wconf 88' lang='lat' dir='ltr'>tenus,</span> <span class='ocrx_word' id='word_1_108' title='bbox 562 1528 774 1571; x_wconf 87' lang='lat' dir='ltr'>nusquam</span> <span class='ocrx_word' id='word_1_109' title='bbox 805 1513 942 1556; x_wconf 82' lang='lat' dir='ltr'>abfuit</span> <span class='ocrx_word' id='word_1_110' title='bbox 972 1532 980 1557; x_wconf 90' lang='lat'><strong>:</strong></span> <span class='ocrx_word' id='word_1_111' title='bbox 1014 1514 1144 1573; x_wconf 82' lang='lat' dir='ltr'>idque</span> <span class='ocrx_word' id='word_1_112' title='bbox 1172 1531 1349 1574; x_wconf 79' lang='lat' dir='ltr'>perraro</span> <span class='ocrx_word' id='word_1_113' title='bbox 1382 1525 1422 1557; x_wconf 90' lang='lat' dir='ltr'>et</span> <span class='ocrx_word' id='word_1_114' title='bbox 1455 1531 1614 1574; x_wconf 85' lang='lat' dir='ltr'>paucos</span> <span class='ocrx_word' id='word_1_115' title='bbox 1643 1513 1754 1568; x_wconf 78' lang='lat' dir='ltr'>dies,</span> 
     </span>
     <span class='ocr_line' id='line_1_18' title="bbox 384 1591 1754 1653; baseline 0.003 -22"><span class='ocrx_word' id='word_1_116' title='bbox 384 1591 606 1648; x_wconf 82' lang='lat' dir='ltr'>quamvis,</span> <span class='ocrx_word' id='word_1_117' title='bbox 634 1593 879 1651; x_wconf 87' lang='lat' dir='ltr'>provincias</span> <span class='ocrx_word' id='word_1_118' title='bbox 907 1610 1080 1653; x_wconf 87' lang='lat' dir='ltr'>quoquc</span> <span class='ocrx_word' id='word_1_119' title='bbox 1111 1604 1151 1636; x_wconf 88' lang='lat' dir='ltr'>ct</span> <span class='ocrx_word' id='word_1_120' title='bbox 1181 1596 1394 1637; x_wconf 80' lang='lat' dir='ltr'>exercitus</span> <span class='ocrx_word' id='word_1_121' title='bbox 1419 1595 1662 1636; x_wconf 86' lang='lat' dir='ltr'>revisurum</span> <span class='ocrx_word' id='word_1_122' title='bbox 1687 1609 1754 1644; x_wconf 78' lang='lat' dir='ltr'>sc,</span> 
     </span>
     <span class='ocr_line' id='line_1_19' title="bbox 383 1672 1752 1734; baseline 0.002 -23"><span class='ocrx_word' id='word_1_123' title='bbox 383 1686 494 1729; x_wconf 81' lang='lat' dir='ltr'>saepe</span> <span class='ocrx_word' id='word_1_124' title='bbox 530 1672 878 1730; x_wconf 83' lang='lat' dir='ltr'>pronunciasset,</span> <span class='ocrx_word' id='word_1_125' title='bbox 917 1683 959 1715; x_wconf 87' lang='lat' dir='ltr'>et</span> <span class='ocrx_word' id='word_1_126' title='bbox 997 1690 1133 1733; x_wconf 86' lang='lat' dir='ltr'>prope</span> <span class='ocrx_word' id='word_1_127' title='bbox 1171 1675 1404 1733; x_wconf 79' lang='lat' dir='ltr'>quotannis</span> <span class='ocrx_word' id='word_1_128' title='bbox 1439 1673 1752 1734; x_wconf 85' lang='lat' dir='ltr'>profectionem</span> 
     </span>
     <span class='ocr_line' id='line_1_20' title="bbox 385 1751 1756 1812; baseline 0.001 -20"><span class='ocrx_word' id='word_1_129' title='bbox 385 1760 667 1809; x_wconf 82' lang='lat' dir='ltr'>praepararet,</span> <span class='ocrx_word' id='word_1_130' title='bbox 699 1751 907 1795; x_wconf 83' lang='lat' dir='ltr'>vehiculis</span> <span class='ocrx_word' id='word_1_131' title='bbox 947 1753 1293 1812; x_wconf 77' lang='lat' dir='ltr'>comprehensis,</span> <span class='ocrx_word' id='word_1_132' title='bbox 1330 1753 1643 1796; x_wconf 85' lang='lat' dir='ltr'>commeatibus</span> <span class='ocrx_word' id='word_1_133' title='bbox 1679 1769 1756 1812; x_wconf 82' lang='lat' dir='ltr'>pei·</span> 
     </span>
     <span class='ocr_line' id='line_1_21' title="bbox 386 1831 1755 1892; baseline 0.001 -20"><span class='ocrx_word' id='word_1_134' title='bbox 386 1831 622 1890; x_wconf 84' lang='lat' dir='ltr'>municipia</span> <span class='ocrx_word' id='word_1_135' title='bbox 648 1840 689 1873; x_wconf 88' lang='lat' dir='ltr'>et</span> <span class='ocrx_word' id='word_1_136' title='bbox 713 1831 901 1875; x_wconf 86' lang='lat' dir='ltr'>colonias</span> <span class='ocrx_word' id='word_1_137' title='bbox 927 1832 1164 1892; x_wconf 81' lang='lat' dir='ltr'>dispositis,</span> <span class='ocrx_word' id='word_1_138' title='bbox 1197 1833 1249 1876; x_wconf 87' lang='lat' dir='ltr'>ad</span> <span class='ocrx_word' id='word_1_139' title='bbox 1276 1842 1517 1876; x_wconf 79' lang='lat' dir='ltr'>extremum</span> <span class='ocrx_word' id='word_1_140' title='bbox 1548 1842 1647 1876; x_wconf 88' lang='lat' dir='ltr'>vota</span> <span class='ocrx_word' id='word_1_141' title='bbox 1675 1850 1755 1892; x_wconf 85' lang='lat' dir='ltr'>pro</span> 
     </span>
     <span class='ocr_line' id='line_1_22' title="bbox 387 1909 1754 1973; baseline 0.001 -21"><span class='ocrx_word' id='word_1_142' title='bbox 387 1910 447 1952; x_wconf 85' lang='lat' dir='ltr'>itu</span> <span class='ocrx_word' id='word_1_143' title='bbox 470 1920 512 1952; x_wconf 90' lang='lat' dir='ltr'>et</span> <span class='ocrx_word' id='word_1_144' title='bbox 532 1909 674 1953; x_wconf 86' lang='lat' dir='ltr'>reditu</span> <span class='ocrx_word' id='word_1_145' title='bbox 699 1927 777 1954; x_wconf 91' lang='lat' dir='ltr'>suo</span> <span class='ocrx_word' id='word_1_146' title='bbox 798 1912 955 1972; x_wconf 85' lang='lat' dir='ltr'>suscipi</span> <span class='ocrx_word' id='word_1_147' title='bbox 982 1929 1153 1972; x_wconf 88' lang='lat' dir='ltr'>passus,</span> <span class='ocrx_word' id='word_1_148' title='bbox 1182 1923 1228 1955; x_wconf 88' lang='lat' dir='ltr'>ut</span> <span class='ocrx_word' id='word_1_149' title='bbox 1254 1912 1383 1973; x_wconf 82' lang='lat' dir='ltr'>vulgo</span> <span class='ocrx_word' id='word_1_150' title='bbox 1404 1913 1493 1971; x_wconf 84' lang='lat' dir='ltr'>jam</span> <span class='ocrx_word' id='word_1_151' title='bbox 1516 1912 1754 1971; x_wconf 79' lang='lat' dir='ltr'>perjocuui</span> 
     </span>
     <span class='ocr_line' id='line_1_23' title="bbox 389 1990 1760 2052; baseline 0 -19"><span class='ocrx_word' id='word_1_152' title='bbox 389 1990 651 2052; x_wconf 56' lang='lat' dir='ltr'>Callippzkles</span> <span class='ocrx_word' id='word_1_153' title='bbox 671 2001 903 2034; x_wconf 87' lang='lat' dir='ltr'>vocaretur</span> <span class='ocrx_word' id='word_1_154' title='bbox 923 2009 932 2034; x_wconf 75' lang='grc' dir='ltr'>ε</span> <span class='ocrx_word' id='word_1_155' title='bbox 955 2009 1082 2051; x_wconf 83' lang='lat' dir='ltr'>quem</span> <span class='ocrx_word' id='word_1_156' title='bbox 1104 1994 1333 2041; x_wconf 77' lang='lat' dir='ltr'>cursitare,</span> <span class='ocrx_word' id='word_1_157' title='bbox 1359 2009 1408 2034; x_wconf 85' lang='lat' dir='ltr'>ac</span> <span class='ocrx_word' id='word_1_158' title='bbox 1430 2008 1483 2034; x_wconf 88' lang='lat' dir='ltr'>nc</span> <span class='ocrx_word' id='word_1_159' title='bbox 1509 1992 1642 2034; x_wconf 82' lang='lat' dir='ltr'>cubiti</span> <span class='ocrx_word' id='word_1_160' title='bbox 1668 1992 1760 2050; x_wconf 80' lang='lat' dir='ltr'>qui-</span> 
     </span>
     <span class='ocr_line' id='line_1_24' title="bbox 385 2069 1757 2131; baseline 0.001 -20"><span class='ocrx_word' id='word_1_161' title='bbox 385 2069 484 2112; x_wconf 88' lang='lat' dir='ltr'>dem</span> <span class='ocrx_word' id='word_1_162' title='bbox 512 2086 760 2113; x_wconf 86' lang='lat' dir='ltr'>mensuram</span> <span class='ocrx_word' id='word_1_163' title='bbox 783 2070 1008 2131; x_wconf 83' lang='lat' dir='ltr'>progredi,</span> <span class='ocrx_word' id='word_1_164' title='bbox 1033 2072 1265 2130; x_wconf 85' lang='lat' dir='ltr'>proverbio</span> <span class='ocrx_word' id='word_1_165' title='bbox 1290 2088 1428 2131; x_wconf 80' lang='lat' dir='ltr'>graeco</span> <span class='ocrx_word' id='word_1_166' title='bbox 1458 2081 1653 2114; x_wconf 86' lang='lat' dir='ltr'>notatum</span> <span class='ocrx_word' id='word_1_167' title='bbox 1682 2081 1757 2114; x_wconf 83' lang='lat' dir='ltr'>cst.</span> 
     </span>
    </p>

    <p class='ocr_par' dir='ltr' id='par_1_6' title="bbox 387 2148 1763 2608">
     <span class='ocr_line' id='line_1_25' title="bbox 450 2148 1759 2210; baseline 0.001 -18"><span class='ocrx_word' id='word_1_168' title='bbox 450 2151 657 2193; x_wconf 87' lang='lat' dir='ltr'>XXXIX.</span> <span class='ocrx_word' id='word_1_169' title='bbox 691 2148 774 2192; x_wconf 88' lang='lat' dir='ltr'>Sed</span> <span class='ocrx_word' id='word_1_170' title='bbox 803 2150 980 2193; x_wconf 81' lang='lat' dir='ltr'>orbatus</span> <span class='ocrx_word' id='word_1_171' title='bbox 1009 2161 1194 2210; x_wconf 81' lang='lat' dir='ltr'>utroque</span> <span class='ocrx_word' id='word_1_172' title='bbox 1224 2150 1333 2207; x_wconf 81' lang='lat' dir='ltr'>silio,</span> <span class='ocrx_word' id='word_1_173' title='bbox 1365 2168 1551 2210; x_wconf 86' lang='lat' dir='ltr'>quorum</span> <span class='ocrx_word' id='word_1_174' title='bbox 1577 2153 1759 2195; x_wconf 82' lang='lat' dir='ltr'>Germa-</span> 
     </span>
     <span class='ocr_line' id='line_1_26' title="bbox 389 2229 1762 2288; baseline 0.001 -18"><span class='ocrx_word' id='word_1_175' title='bbox 389 2229 510 2271; x_wconf 89' lang='lat' dir='ltr'>nicus</span> <span class='ocrx_word' id='word_1_176' title='bbox 540 2229 584 2271; x_wconf 93' lang='lat' dir='ltr'>in</span> <span class='ocrx_word' id='word_1_177' title='bbox 608 2229 752 2288; x_wconf 88' lang='lat' dir='ltr'>Syria,</span> <span class='ocrx_word' id='word_1_178' title='bbox 784 2231 954 2273; x_wconf 86' lang='lat' dir='ltr'>Drusus</span> <span class='ocrx_word' id='word_1_179' title='bbox 985 2233 1133 2274; x_wconf 85' lang='lat' dir='ltr'>Romae</span> <span class='ocrx_word' id='word_1_180' title='bbox 1167 2231 1355 2287; x_wconf 84' lang='lat' dir='ltr'>obierat,</span> <span class='ocrx_word' id='word_1_181' title='bbox 1388 2247 1602 2274; x_wconf 90' lang='lat' dir='ltr'>secessum</span> <span class='ocrx_word' id='word_1_182' title='bbox 1636 2232 1762 2274; x_wconf 85' lang='lat' dir='ltr'>Cam-</span> 
     </span>
     <span class='ocr_line' id='line_1_27' title="bbox 388 2308 1762 2370; baseline -0.001 -19"><span class='ocrx_word' id='word_1_183' title='bbox 388 2308 526 2367; x_wconf 81' lang='lat' dir='ltr'>paniae</span> <span class='ocrx_word' id='word_1_184' title='bbox 566 2310 709 2369; x_wconf 86' lang='lat' dir='ltr'>petiit,</span> <span class='ocrx_word' id='word_1_185' title='bbox 748 2310 961 2352; x_wconf 84' lang='lat' dir='ltr'>constanti</span> <span class='ocrx_word' id='word_1_186' title='bbox 1001 2320 1043 2353; x_wconf 87' lang='lat' dir='ltr'>ct</span> <span class='ocrx_word' id='word_1_187' title='bbox 1081 2310 1287 2370; x_wconf 88' lang='lat' dir='ltr'>opinione</span> <span class='ocrx_word' id='word_1_188' title='bbox 1326 2321 1368 2353; x_wconf 89' lang='lat' dir='ltr'>et</span> <span class='ocrx_word' id='word_1_189' title='bbox 1405 2327 1605 2353; x_wconf 84' lang='lat' dir='ltr'>sermone</span> <span class='ocrx_word' id='word_1_190' title='bbox 1642 2326 1762 2370; x_wconf 80' lang='lat' dir='ltr'>paene</span> 
     </span>
     <span class='ocr_line' id='line_1_28' title="bbox 387 2389 1761 2449; baseline 0 -20"><span class='ocrx_word' id='word_1_191' title='bbox 387 2389 605 2444; x_wconf 88' lang='lat' dir='ltr'>omnium,</span> <span class='ocrx_word' id='word_1_192' title='bbox 627 2390 748 2448; x_wconf 88' lang='lat' dir='ltr'>quasi</span> <span class='ocrx_word' id='word_1_193' title='bbox 772 2406 912 2448; x_wconf 88' lang='lat' dir='ltr'>neque</span> <span class='ocrx_word' id='word_1_194' title='bbox 933 2389 1151 2432; x_wconf 88' lang='lat' dir='ltr'>rediturus</span> <span class='ocrx_word' id='word_1_195' title='bbox 1174 2406 1389 2449; x_wconf 86' lang='lat' dir='ltr'>unquam,</span> <span class='ocrx_word' id='word_1_196' title='bbox 1409 2399 1452 2433; x_wconf 91' lang='lat' dir='ltr'>et</span> <span class='ocrx_word' id='word_1_197' title='bbox 1472 2391 1558 2433; x_wconf 83' lang='lat' dir='ltr'>cito</span> <span class='ocrx_word' id='word_1_198' title='bbox 1579 2398 1761 2432; x_wconf 87' lang='lat' dir='ltr'>mortem</span> 
     </span>
     <span class='ocr_line' id='line_1_29' title="bbox 388 2467 1759 2528; baseline 0 -20"><span class='ocrx_word' id='word_1_199' title='bbox 388 2467 517 2510; x_wconf 84' lang='lat' dir='ltr'>ctiam</span> <span class='ocrx_word' id='word_1_200' title='bbox 535 2468 733 2511; x_wconf 84' lang='lat' dir='ltr'>obiturus</span> <span class='ocrx_word' id='word_1_201' title='bbox 752 2485 760 2511; x_wconf 90' lang='lat'>:</span> <span class='ocrx_word' id='word_1_202' title='bbox 780 2469 896 2528; x_wconf 89' lang='lat' dir='ltr'>quod</span> <span class='ocrx_word' id='word_1_203' title='bbox 915 2468 1043 2528; x_wconf 85' lang='lat' dir='ltr'>paulo</span> <span class='ocrx_word' id='word_1_204' title='bbox 1066 2470 1206 2511; x_wconf 84' lang='lat' dir='ltr'>minus</span> <span class='ocrx_word' id='word_1_205' title='bbox 1224 2478 1459 2528; x_wconf 83' lang='lat' dir='ltr'>utrumque</span> <span class='ocrx_word' id='word_1_206' title='bbox 1478 2469 1632 2511; x_wconf 86' lang='lat' dir='ltr'>evcnit.</span> <span class='ocrx_word' id='word_1_207' title='bbox 1650 2468 1759 2511; x_wconf 81' lang='lat' dir='ltr'>Nam</span> 
     </span>
     <span class='ocr_line' id='line_1_30' title="bbox 390 2546 1763 2608; baseline -0.001 -20"><span class='ocrx_word' id='word_1_208' title='bbox 390 2563 529 2606; x_wconf 81' lang='lat' dir='ltr'>neque</span> <span class='ocrx_word' id='word_1_209' title='bbox 561 2551 746 2592; x_wconf 81' lang='lat' dir='ltr'>Romam</span> <span class='ocrx_word' id='word_1_210' title='bbox 777 2548 962 2608; x_wconf 78' lang='lat' dir='ltr'>amplius</span> <span class='ocrx_word' id='word_1_211' title='bbox 994 2548 1142 2602; x_wconf 60' lang='lat' dir='ltr'>rediit,</span> <span class='ocrx_word' id='word_1_212' title='bbox 1178 2548 1250 2590; x_wconf 67' lang='lat' dir='ltr'>sed</span> <span class='ocrx_word' id='word_1_213' title='bbox 1284 2559 1325 2591; x_wconf 85' lang='lat' dir='ltr'>ct.</span> <span class='ocrx_word' id='word_1_214' title='bbox 1356 2566 1515 2608; x_wconf 83' lang='lat' dir='ltr'>paucos</span> <span class='ocrx_word' id='word_1_215' title='bbox 1547 2556 1636 2607; x_wconf 80' lang='lat' dir='ltr'>post</span> <span class='ocrx_word' id='word_1_216' title='bbox 1672 2546 1763 2588; x_wconf 79' lang='lat' dir='ltr'>dics</span> 
     </span>
    </p>
   </div>
   <div class='ocr_carea' id='block_1_5' title="bbox 386 2626 1763 2687">
    <p class='ocr_par' dir='ltr' id='par_1_7' title="bbox 386 2626 1763 2687">
     <span class='ocr_line' id='line_1_31' title="bbox 386 2626 1763 2687; baseline 0 -20"><span class='ocrx_word' id='word_1_217' title='bbox 386 2626 507 2681; x_wconf 61' lang='lat' dir='ltr'>&gt;iuxta</span> <span class='ocrx_word' id='word_1_218' title='bbox 531 2630 807 2671; x_wconf 72' lang='lat' dir='ltr'>&#39;scri-acinam</span> <span class='ocrx_word' id='word_1_219' title='bbox 838 2630 877 2670; x_wconf 85' lang='lat' dir='ltr'>in</span> <span class='ocrx_word' id='word_1_220' title='bbox 907 2628 1126 2687; x_wconf 71' lang='lat' dir='ltr'>praetorio,</span> <span class='ocrx_word' id='word_1_221' title='bbox 1155 2629 1220 2671; x_wconf 76' lang='lat' dir='ltr'>cui</span> <span class='ocrx_word' id='word_1_222' title='bbox 1243 2628 1468 2687; x_wconf 67' lang='lat' dir='ltr'>Spelunvae</span> <span class='ocrx_word' id='word_1_223' title='bbox 1495 2643 1649 2669; x_wconf 85' lang='lat' dir='ltr'>uomcn</span> <span class='ocrx_word' id='word_1_224' title='bbox 1679 2636 1763 2681; x_wconf 78' lang='lat' dir='ltr'>cst,</span> 
     </span>
    </p>
   </div>
  </div>
 </body>
</html>
