1988 3407
761 247 1042 282 VITELLIUS.
1554 246 1601 280 33

206 350 366 378 narum
400 332 551 388 lactes,
582 348 604 375 a
644 331 820 375 Parthia
856 347 995 391 usque
1022 330 1224 390 fretoque
1254 331 1483 391 hispanico
1522 347 1601 392 per

204 415 448 458 navat-elios
466 430 515 458 ac
535 413 731 457 triremes
752 413 1016 472 petitarum,
1039 411 1335 455 commiscuit.
1363 414 1424 456 Ut
1450 422 1599 456 autem

203 495 337 539 homo
367 511 454 538 non
491 490 722 554 profundae
762 490 920 548 modo,
963 491 1038 536 sed
1071 492 1390 552 intempestivae
1422 509 1601 553 quoque

206 593 256 620 ac
283 574 471 621 sordidae
496 572 632 636 gulae,
664 590 719 617 ne
750 574 793 616 in
821 572 1037 617 sacrificio
1066 572 1247 633 quidem
1278 589 1500 633 unquam,
1526 584 1604 617 aut

205 659 363 703 itinere
386 655 477 701 ullo
501 656 786 716 temperavit,
809 656 917 716 quin
948 656 1060 699 inter
1085 654 1242 699 altaria
1264 655 1427 699 ibidem
1455 657 1604 699 statim

206 739 352 783 viscus
381 748 425 781 et
445 736 583 793 farra,
613 752 736 797 paene
768 746 892 798 rapta
914 753 937 780 e
963 736 1084 792 foco,
1114 736 1367 791 manderet,
1395 737 1603 797 circaque

205 820 376 863 viarum
405 818 591 879 popinas
627 816 844 860 fumantia
866 818 1080 879 opsonia,
1107 816 1174 860 vel
1206 816 1410 878 pridiana
1429 851 1441 872 ‚
1467 827 1601 878 atque

203 916 381 944 semesa.

267 981 390 1026 XIV.
430 982 604 1024 Pronus
643 997 749 1025 vero
792 980 846 1024 ad
884 982 1121 1042 cujusque,
1167 991 1209 1025 et
1247 997 1517 1042 quacunque
1551 981 1606 1025 (le

206 1077 363 1117 causa,
388 1077 543 1104 necem
568 1071 700 1122 atque
724 1060 1012 1123 supplicium,
1036 1061 1203 1106 nobiles
1231 1063 1367 1118 viros,
1390 1062 1607 1107 condisci-

209 1141 338 1202 pulos
375 1151 419 1186 et
445 1140 632 1202 aequales
669 1159 791 1199 suos,
821 1143 1027 1187 omnibus
1057 1141 1284 1187 blanditiis
1314 1153 1488 1187 tantum
1517 1160 1605 1188 non

211 1222 266 1267 ad
291 1224 542 1266 societatem
582 1223 751 1284 imperii
781 1223 1072 1279 allicefactos,
1100 1225 1222 1267 vario
1248 1242 1406 1285 genere
1437 1225 1603 1270 fraudis

212 1302 374 1347 occidit
406 1321 421 1347 τ
463 1304 595 1347 etiam
635 1320 775 1347 unum
818 1321 1013 1359 veneno,
1041 1322 1175 1348 mauu
1216 1322 1293 1349 sua
1332 1317 1536 1366 porrecto
1563 1308 1606 1351 in

214 1399 339 1444 aquae
360 1383 531 1445 frigidae
550 1385 749 1445 potione,
770 1402 901 1445 quam
925 1387 958 1429 is
980 1385 1164 1429 affectus
1187 1386 1306 1430 febre
1330 1397 1604 1448 poposcerat.

208 1466 322 1508 Tum
357 1463 655 1508 feneratorum
701 1475 744 1508 et
780 1464 1116 1527 stipulatorum,
1151 1466 1607 1529 publicanorumque,

215 1545 291 1606 qui
326 1561 523 1605 unquam
558 1562 601 1589 se
629 1556 706 1590 aut
736 1548 889 1590 Romae
913 1546 1132 1604 debitum,
1162 1558 1237 1591 aut
1267 1549 1310 1592 in
1348 1550 1419 1593 via
1448 1560 1601 1610 porto-

213 1626 326 1670 rium
355 1625 651 1688 ssagitassent‚
677 1627 745 1670 vix
770 1626 846 1671 ulli
870 1629 1080 1690 pepercit.
1098 1631 1162 1673 Ex
1183 1629 1344 1690 quibus
1369 1630 1604 1691 quemdam

207 1708 251 1751 iu
280 1709 372 1768 ipsa
399 1706 664 1752 salutatione
693 1708 912 1770 supplicio
946 1709 1180 1766 traditum,
1208 1712 1449 1772 statimque
1483 1729 1610 1757 revo-

209 1797 356 1832 catum
375 1822 386 1842 ,
406 1789 577 1832 cunctis
599 1787 880 1833 clementiam
906 1788 1212 1846 laudantibus,
1236 1809 1383 1836 coram
1417 1792 1608 1836 interfici

204 1869 336 1927 jussit
354 1902 365 1924 ,
391 1867 537 1912 «velle
565 1885 628 1924 se,
652 1889 672 1909 »
699 1869 872 1926 dicens,
900 1888 1121 1932 «pascere
1161 1871 1314 1916 oculos
1342 1890 1352 1916 ε
1380 1893 1400 1914 »
1428 1872 1610 1918 alterius

209 1965 349 2009 poenae
375 1948 486 1993 duos
516 1948 630 1993 filios
668 1949 854 2011 adjecit,
892 1950 1119 2012 deprecari
1151 1970 1232 2014 pro
1260 1963 1384 2014 patre
1410 1965 1607 1999 conatos.

206 2028 290 2073 Sed
316 2039 358 2073 et
383 2031 582 2094 equitem⁸
604 2048 835 2075 romanum
863 2031 1211 2092 proclamantem
1230 2068 1241 2089 ,
1267 2051 1405 2094 quum
1435 2051 1611 2096 rapere-

209 2120 280 2153 tur
303 2109 357 2154 ad
393 2127 588 2170 poenam,
623 2132 644 2151 <‹
668 2115 802 2156 Heres
834 2130 957 2156 meus
981 2130 1046 2169 es,
1068 2134 1088 2154 >³
1109 2115 1318 2158 exhibere
1361 2117 1611 2160 testamenti

209 2190 381 2235 tabulas
426 2194 570 2254 coegit
601 2210 609 2235 :
653 2203 789 2254 utque
813 2191 946 2255 legit,
985 2194 1247 2238 coheredem
1290 2195 1372 2239 sibi
1404 2195 1612 2240 libertum

207 2272 300 2332 ejus
333 2275 603 2334 ascriptum,
626 2273 821 2335 jugulari
856 2291 957 2318 cum
996 2274 1153 2320 liberto
1181 2277 1430 2338 imperavit.
1461 2279 1609 2335 Quos-

208 2351 308 2395 ‹lam
344 2364 386 2398 et
426 2354 479 2398 (le
516 2353 640 2415 plebe
677 2355 732 2398 ob
770 2354 810 2397 id
846 2355 1013 2416 ipsum,
1047 2356 1187 2417 quod,
1216 2368 1384 2402 venetae
1428 2359 1608 2402 factioni

207 2431 324 2476 clare
364 2433 703 2489 maledixerant,
745 2437 993 2490 interemit3
1043 2447 1268 2481 contemtu
1302 2440 1391 2494 sui,
1423 2449 1468 2482 et
1494 2456 1608 2483 nova

210 2529 285 2572 spe
321 2513 362 2557 id
393 2532 542 2572 ausos,
586 2518 806 2577 opinatus.
847 2516 989 2560 Nullis
1023 2528 1167 2561 tamen
1204 2519 1432 2575 infensior,
1474 2537 1606 2580 quam

213 2596 460 2640 vernaculis
480 2595 527 2641 'et
569 2598 888 2642 mathematicis
907 2634 918 2655 ,
945 2610 990 2643 ut
1017 2601 1203 2660 quisque
1232 2600 1512 2656 deferretur,
1542 2603 1607 2645 iu—

209 2674 409 2720 auditum
453 2679 596 2739 capita·
632 2680 869 2740 puniebat,
901 2681 1205 2736 exacerbatus,
1236 2682 1352 2742 quos!
1387 2693 1482 2743 post
1519 2683 1609 2726 odi-

408 2775 453 2801 ιι.
1391 2763 1415 2806 3
