<?xml version="1.0" encoding="UTF-8"?>
<!DOCTYPE html PUBLIC "-//W3C//DTD XHTML 1.0 Transitional//EN"
    "http://www.w3.org/TR/xhtml1/DTD/xhtml1-transitional.dtd">
<html xmlns="http://www.w3.org/1999/xhtml" xml:lang="en" lang="en">
 <head>
  <title>
</title>
<meta http-equiv="Content-Type" content="text/html;charset=utf-8" />
  <meta name='ocr-system' content='tesseract 3.04.00' />
  <meta name='ocr-capabilities' content='ocr_page ocr_carea ocr_par ocr_line ocrx_word'/>
</head>
<body>
  <div class='ocr_page' id='page_1' title='image "./operagro00suetuoft_0282.png"; bbox 0 0 1971 3342; ppageno 0'>
   <div class='ocr_carea' id='block_1_1' title="bbox 438 234 1251 270">
    <p class='ocr_par' dir='ltr' id='par_1_1' title="bbox 438 234 1251 270">
     <span class='ocr_line' id='line_1_1' title="bbox 438 234 1251 270; baseline 0.001 -2"><span class='ocrx_word' id='word_1_1' title='bbox 438 234 508 270; x_wconf 75' lang='lat'><strong>252</strong></span> <span class='ocrx_word' id='word_1_2' title='bbox 960 236 997 269; x_wconf 93' lang='lat' dir='ltr'><strong>C.</strong></span> <span class='ocrx_word' id='word_1_3' title='bbox 1026 234 1251 270; x_wconf 87' lang='lat' dir='ltr'><strong>SUETONII</strong></span> 
     </span>
    </p>
   </div>
   <div class='ocr_carea' id='block_1_2' title="bbox 428 315 1777 2588">
    <p class='ocr_par' dir='ltr' id='par_1_2' title="bbox 436 315 1768 439">
     <span class='ocr_line' id='line_1_2' title="bbox 438 315 1768 376; baseline 0.002 -17"><span class='ocrx_word' id='word_1_4' title='bbox 438 316 595 359; x_wconf 81' lang='lat' dir='ltr'><strong>millata</strong></span> <span class='ocrx_word' id='word_1_5' title='bbox 631 327 671 359; x_wconf 87' lang='lat' dir='ltr'><strong>et</strong></span> <span class='ocrx_word' id='word_1_6' title='bbox 708 315 924 376; x_wconf 81' lang='lat' dir='ltr'><strong>phalerata</strong></span> <span class='ocrx_word' id='word_1_7' title='bbox 969 333 1063 359; x_wconf 91' lang='lat' dir='ltr'><strong>cum</strong></span> <span class='ocrx_word' id='word_1_8' title='bbox 1096 318 1316 360; x_wconf 85' lang='lat' dir='ltr'><strong>Mazacum</strong></span> <span class='ocrx_word' id='word_1_9' title='bbox 1353 316 1474 358; x_wconf 88' lang='lat' dir='ltr'><strong>turba</strong></span> <span class='ocrx_word' id='word_1_10' title='bbox 1511 325 1638 376; x_wconf 87' lang='lat' dir='ltr'><strong>atque</strong></span> <span class='ocrx_word' id='word_1_11' title='bbox 1673 334 1768 361; x_wconf 90' lang='lat' dir='ltr'><strong>cur-</strong></span> 
     </span>
     <span class='ocr_line' id='line_1_3' title="bbox 436 412 592 439; baseline 0.006 -2"><span class='ocrx_word' id='word_1_12' title='bbox 436 412 592 439; x_wconf 82' lang='lat' dir='ltr'><strong>sorum.</strong></span> 
     </span>
    </p>

    <p class='ocr_par' dir='ltr' id='par_1_3' title="bbox 428 473 1777 2588">
     <span class='ocr_line' id='line_1_4' title="bbox 499 473 1771 534; baseline 0 -17"><span class='ocrx_word' id='word_1_13' title='bbox 499 476 660 518; x_wconf 86' lang='lat' dir='ltr'><strong>XXXI.</strong></span> <span class='ocrx_word' id='word_1_14' title='bbox 701 477 797 519; x_wconf 88' lang='lat' dir='ltr'><strong>Non</strong></span> <span class='ocrx_word' id='word_1_15' title='bbox 836 475 878 517; x_wconf 90' lang='lat' dir='ltr'><strong>in</strong></span> <span class='ocrx_word' id='word_1_16' title='bbox 910 473 990 517; x_wconf 85' lang='lat' dir='ltr'><strong>alia</strong></span> <span class='ocrx_word' id='word_1_17' title='bbox 1023 490 1067 517; x_wconf 87' lang='lat' dir='ltr'><strong>re</strong></span> <span class='ocrx_word' id='word_1_18' title='bbox 1104 484 1242 517; x_wconf 76' lang='lat' dir='ltr'><strong>lamen</strong></span> <span class='ocrx_word' id='word_1_19' title='bbox 1278 475 1535 529; x_wconf 89' lang='lat' dir='ltr'><strong>damnosior,</strong></span> <span class='ocrx_word' id='word_1_20' title='bbox 1569 491 1696 534; x_wconf 85' lang='lat' dir='ltr'><strong>quam</strong></span> <span class='ocrx_word' id='word_1_21' title='bbox 1730 475 1771 518; x_wconf 93' lang='lat' dir='ltr'><strong>in</strong></span> 
     </span>
     <span class='ocr_line' id='line_1_5' title="bbox 439 552 1771 613; baseline 0 -17"><span class='ocrx_word' id='word_1_22' title='bbox 439 553 701 598; x_wconf 65' lang='lat' dir='ltr'><strong>aedificando.</strong></span> <span class='ocrx_word' id='word_1_23' title='bbox 735 556 922 596; x_wconf 87' lang='lat' dir='ltr'><strong>Domum</strong></span> <span class='ocrx_word' id='word_1_24' title='bbox 965 570 986 596; x_wconf 89' lang='lat' dir='ltr'><strong>a</strong></span> <span class='ocrx_word' id='word_1_25' title='bbox 1025 552 1187 597; x_wconf 86' lang='lat' dir='ltr'><strong>Palatio</strong></span> <span class='ocrx_word' id='word_1_26' title='bbox 1225 553 1435 613; x_wconf 83' lang='lat' dir='ltr'>Esquilias</span> <span class='ocrx_word' id='word_1_27' title='bbox 1471 569 1604 613; x_wconf 90' lang='lat' dir='ltr'><strong>usque</strong></span> <span class='ocrx_word' id='word_1_28' title='bbox 1646 553 1771 608; x_wconf 86' lang='lat' dir='ltr'><strong>fecit,</strong></span> 
     </span>
     <span class='ocr_line' id='line_1_6' title="bbox 441 632 1772 692; baseline -0.001 -17"><span class='ocrx_word' id='word_1_29' title='bbox 441 649 568 691; x_wconf 86' lang='lat' dir='ltr'><strong>quam</strong></span> <span class='ocrx_word' id='word_1_30' title='bbox 596 633 733 692; x_wconf 87' lang='lat' dir='ltr'><strong>primo</strong></span> <span class='ocrx_word' id='word_1_31' title='bbox 768 632 1106 685; x_wconf 77' lang='lat' dir='ltr'><strong>Transitorz&#39;cmz,</strong></span> <span class='ocrx_word' id='word_1_32' title='bbox 1135 649 1258 689; x_wconf 80' lang='lat' dir='ltr'><strong>mox,</strong></span> <span class='ocrx_word' id='word_1_33' title='bbox 1287 632 1483 676; x_wconf 90' lang='lat' dir='ltr'><strong>incendio</strong></span> <span class='ocrx_word' id='word_1_34' title='bbox 1510 632 1772 685; x_wconf 86' lang='lat' dir='ltr'><strong>absumtam‚</strong></span> 
     </span>
     <span class='ocr_line' id='line_1_7' title="bbox 436 711 1773 771; baseline 0 -18"><span class='ocrx_word' id='word_1_35' title='bbox 436 712 760 770; x_wconf 78' lang='lat' dir='ltr'><strong>restitutamque</strong></span> <span class='ocrx_word' id='word_1_36' title='bbox 776 745 787 767; x_wconf 82' lang='lat'><strong><em>,</em></strong></span> <span class='ocrx_word' id='word_1_37' title='bbox 810 712 1006 755; x_wconf 74' lang='lat' dir='ltr'><strong>Auream</strong></span> <span class='ocrx_word' id='word_1_38' title='bbox 1038 711 1284 754; x_wconf 88' lang='lat' dir='ltr'><strong>nominavit.</strong></span> <span class='ocrx_word' id='word_1_39' title='bbox 1313 714 1379 755; x_wconf 92' lang='lat' dir='ltr'><strong>De</strong></span> <span class='ocrx_word' id='word_1_40' title='bbox 1407 712 1526 770; x_wconf 87' lang='lat' dir='ltr'><strong>cujus</strong></span> <span class='ocrx_word' id='word_1_41' title='bbox 1550 711 1686 771; x_wconf 86' lang='lat' dir='ltr'><strong>spatio</strong></span> <span class='ocrx_word' id='word_1_42' title='bbox 1709 721 1773 753; x_wconf 83' lang='lat' dir='ltr'><strong>at-</strong></span> 
     </span>
     <span class='ocr_line' id='line_1_8' title="bbox 435 789 1774 850; baseline 0 -18"><span class='ocrx_word' id='word_1_43' title='bbox 435 806 517 848; x_wconf 89' lang='lat' dir='ltr'><strong>que</strong></span> <span class='ocrx_word' id='word_1_44' title='bbox 540 789 657 834; x_wconf 91' lang='lat' dir='ltr'><strong>cultu</strong></span> <span class='ocrx_word' id='word_1_45' title='bbox 685 790 898 834; x_wconf 84' lang='lat' dir='ltr'><strong>suffecerit</strong></span> <span class='ocrx_word' id='word_1_46' title='bbox 921 791 1010 834; x_wconf 85' lang='lat' dir='ltr'><strong>haec</strong></span> <span class='ocrx_word' id='word_1_47' title='bbox 1038 790 1242 835; x_wconf 88' lang='lat' dir='ltr'><strong>retulisse.</strong></span> <span class='ocrx_word' id='word_1_48' title='bbox 1262 789 1533 835; x_wconf 83' lang='lat' dir='ltr'><strong>Vestibulum</strong></span> <span class='ocrx_word' id='word_1_49' title='bbox 1556 791 1644 850; x_wconf 89' lang='lat' dir='ltr'><strong>ejus</strong></span> <span class='ocrx_word' id='word_1_50' title='bbox 1669 790 1774 844; x_wconf 84' lang='lat' dir='ltr'><strong>fuit,</strong></span> 
     </span>
     <span class='ocr_line' id='line_1_9' title="bbox 435 868 1774 930; baseline 0.001 -19"><span class='ocrx_word' id='word_1_51' title='bbox 435 869 475 911; x_wconf 89' lang='lat' dir='ltr'><strong>in</strong></span> <span class='ocrx_word' id='word_1_52' title='bbox 506 885 592 928; x_wconf 90' lang='lat' dir='ltr'><strong>quo</strong></span> <span class='ocrx_word' id='word_1_53' title='bbox 619 868 806 913; x_wconf 90' lang='lat' dir='ltr'><strong>colossus</strong></span> <span class='ocrx_word' id='word_1_54' title='bbox 833 879 1003 913; x_wconf 87' lang='lat' dir='ltr'><strong>centum</strong></span> <span class='ocrx_word' id='word_1_55' title='bbox 1029 870 1180 930; x_wconf 85' lang='lat' dir='ltr'><strong>viginti</strong></span> <span class='ocrx_word' id='word_1_56' title='bbox 1206 869 1362 929; x_wconf 90' lang='lat' dir='ltr'><strong>pedum</strong></span> <span class='ocrx_word' id='word_1_57' title='bbox 1389 880 1517 914; x_wconf 87' lang='lat' dir='ltr'><strong>staret</strong></span> <span class='ocrx_word' id='word_1_58' title='bbox 1554 870 1685 929; x_wconf 89' lang='lat' dir='ltr'><strong>ipsius</strong></span> <span class='ocrx_word' id='word_1_59' title='bbox 1718 869 1774 913; x_wconf 87' lang='lat' dir='ltr'><strong>cf-</strong></span> 
     </span>
     <span class='ocr_line' id='line_1_10' title="bbox 437 948 1775 1009; baseline 0.001 -19"><span class='ocrx_word' id='word_1_60' title='bbox 437 948 563 1007; x_wconf 81' lang='lat' dir='ltr'><strong>figie3</strong></span> <span class='ocrx_word' id='word_1_61' title='bbox 610 958 724 992; x_wconf 88' lang='lat' dir='ltr'><strong>tanta</strong></span> <span class='ocrx_word' id='word_1_62' title='bbox 776 949 951 1003; x_wconf 79' lang='lat' dir='ltr'><strong>laxitas,</strong></span> <span class='ocrx_word' id='word_1_63' title='bbox 993 959 1039 992; x_wconf 90' lang='lat' dir='ltr'><strong>ut</strong></span> <span class='ocrx_word' id='word_1_64' title='bbox 1081 950 1272 1009; x_wconf 89' lang='lat' dir='ltr'><strong>porticus</strong></span> <span class='ocrx_word' id='word_1_65' title='bbox 1325 948 1510 1009; x_wconf 81' lang='lat' dir='ltr'><strong>triplices</strong></span> <span class='ocrx_word' id='word_1_66' title='bbox 1560 948 1775 992; x_wconf 87' lang='lat' dir='ltr'><strong>milliarias</strong></span> 
     </span>
     <span class='ocr_line' id='line_1_11' title="bbox 437 1027 1775 1089; baseline 0.001 -20"><span class='ocrx_word' id='word_1_67' title='bbox 437 1027 640 1081; x_wconf 78' lang='lat' dir='ltr'><strong>haberet3</strong></span> <span class='ocrx_word' id='word_1_68' title='bbox 691 1028 791 1071; x_wconf 88' lang='lat' dir='ltr'><strong>item</strong></span> <span class='ocrx_word' id='word_1_69' title='bbox 839 1038 1037 1089; x_wconf 83' lang='lat' dir='ltr'><strong>stagnum</strong></span> <span class='ocrx_word' id='word_1_70' title='bbox 1075 1029 1202 1071; x_wconf 84' lang='lat' dir='ltr'><strong>maris</strong></span> <span class='ocrx_word' id='word_1_71' title='bbox 1242 1029 1398 1083; x_wconf 85' lang='lat' dir='ltr'><strong>instar,</strong></span> <span class='ocrx_word' id='word_1_72' title='bbox 1445 1028 1775 1088; x_wconf 89' lang='lat' dir='ltr'><strong>circumseptum</strong></span> 
     </span>
     <span class='ocr_line' id='line_1_12' title="bbox 432 1105 1776 1167; baseline 0.001 -20"><span class='ocrx_word' id='word_1_73' title='bbox 432 1105 618 1149; x_wconf 79' lang='lat' dir='ltr'><strong>aedificiis</strong></span> <span class='ocrx_word' id='word_1_74' title='bbox 652 1106 704 1149; x_wconf 90' lang='lat' dir='ltr'><strong>ad</strong></span> <span class='ocrx_word' id='word_1_75' title='bbox 733 1107 905 1150; x_wconf 89' lang='lat' dir='ltr'><strong>urbium</strong></span> <span class='ocrx_word' id='word_1_76' title='bbox 930 1108 1135 1167; x_wconf 80' lang='lat' dir='ltr'><strong>speciem3</strong></span> <span class='ocrx_word' id='word_1_77' title='bbox 1160 1123 1260 1150; x_wconf 89' lang='lat' dir='ltr'><strong>rura</strong></span> <span class='ocrx_word' id='word_1_78' title='bbox 1288 1108 1477 1165; x_wconf 82' lang='lat' dir='ltr'><strong>insuper,</strong></span> <span class='ocrx_word' id='word_1_79' title='bbox 1505 1106 1616 1149; x_wconf 86' lang='lat' dir='ltr'><strong>arvis</strong></span> <span class='ocrx_word' id='word_1_80' title='bbox 1647 1116 1776 1165; x_wconf 89' lang='lat' dir='ltr'><strong>atque</strong></span> 
     </span>
     <span class='ocr_line' id='line_1_13' title="bbox 434 1183 1777 1245; baseline 0.001 -19"><span class='ocrx_word' id='word_1_81' title='bbox 434 1185 612 1239; x_wconf 84' lang='lat' dir='ltr'><strong>vinetis,</strong></span> <span class='ocrx_word' id='word_1_82' title='bbox 658 1194 698 1227; x_wconf 92' lang='lat' dir='ltr'><strong>et</strong></span> <span class='ocrx_word' id='word_1_83' title='bbox 738 1186 905 1245; x_wconf 83' lang='lat' dir='ltr'><strong>pascuis</strong></span> <span class='ocrx_word' id='word_1_84' title='bbox 946 1184 1146 1244; x_wconf 88' lang='lat' dir='ltr'><strong>silvisque</strong></span> <span class='ocrx_word' id='word_1_85' title='bbox 1187 1186 1328 1240; x_wconf 82' lang='lat' dir='ltr'><strong>varia,</strong></span> <span class='ocrx_word' id='word_1_86' title='bbox 1369 1201 1465 1228; x_wconf 92' lang='lat' dir='ltr'><strong>cum</strong></span> <span class='ocrx_word' id='word_1_87' title='bbox 1504 1183 1777 1227; x_wconf 89' lang='lat' dir='ltr'><strong>multitudine</strong></span> 
     </span>
     <span class='ocr_line' id='line_1_14' title="bbox 431 1263 1776 1324; baseline 0.001 -19"><span class='ocrx_word' id='word_1_88' title='bbox 431 1263 569 1306; x_wconf 89' lang='lat' dir='ltr'><strong>omnis</strong></span> <span class='ocrx_word' id='word_1_89' title='bbox 598 1265 763 1324; x_wconf 78' lang='lat' dir='ltr'><strong>generis</strong></span> <span class='ocrx_word' id='word_1_90' title='bbox 789 1264 1000 1324; x_wconf 90' lang='lat' dir='ltr'><strong>pecudum</strong></span> <span class='ocrx_word' id='word_1_91' title='bbox 1033 1281 1081 1308; x_wconf 89' lang='lat' dir='ltr'><strong>ac</strong></span> <span class='ocrx_word' id='word_1_92' title='bbox 1108 1265 1306 1308; x_wconf 88' lang='lat' dir='ltr'><strong>ferarum.</strong></span> <span class='ocrx_word' id='word_1_93' title='bbox 1334 1266 1382 1306; x_wconf 92' lang='lat' dir='ltr'><strong>In</strong></span> <span class='ocrx_word' id='word_1_94' title='bbox 1412 1264 1559 1307; x_wconf 88' lang='lat' dir='ltr'><strong>ceteris</strong></span> <span class='ocrx_word' id='word_1_95' title='bbox 1585 1263 1776 1324; x_wconf 87' lang='lat' dir='ltr'><strong>partibus</strong></span> 
     </span>
     <span class='ocr_line' id='line_1_15' title="bbox 433 1342 1776 1403; baseline 0.001 -19"><span class='ocrx_word' id='word_1_96' title='bbox 433 1352 587 1385; x_wconf 86' lang='lat' dir='ltr'><strong>cuncta</strong></span> <span class='ocrx_word' id='word_1_97' title='bbox 609 1359 713 1385; x_wconf 87' lang='lat' dir='ltr'><strong>auro</strong></span> <span class='ocrx_word' id='word_1_98' title='bbox 738 1342 808 1386; x_wconf 81' lang='lat' dir='ltr'><strong>lita</strong></span> <span class='ocrx_word' id='word_1_99' title='bbox 824 1378 835 1397; x_wconf 77' lang='lat'>‚</span> <span class='ocrx_word' id='word_1_100' title='bbox 863 1343 1060 1387; x_wconf 85' lang='lat' dir='ltr'><strong>distincta</strong></span> <span class='ocrx_word' id='word_1_101' title='bbox 1087 1344 1262 1403; x_wconf 78' lang='lat' dir='ltr'><strong>gemmis</strong></span> <span class='ocrx_word' id='word_1_102' title='bbox 1290 1343 1583 1402; x_wconf 89' lang='lat' dir='ltr'><strong>unionumque</strong></span> <span class='ocrx_word' id='word_1_103' title='bbox 1601 1343 1776 1386; x_wconf 88' lang='lat' dir='ltr'><strong>conchis</strong></span> 
     </span>
     <span class='ocr_line' id='line_1_16' title="bbox 433 1419 1776 1482; baseline 0.001 -20"><span class='ocrx_word' id='word_1_104' title='bbox 433 1430 567 1464; x_wconf 86' lang='lat' dir='ltr'><strong>erant.</strong></span> <span class='ocrx_word' id='word_1_105' title='bbox 605 1423 876 1465; x_wconf 87' lang='lat' dir='ltr'><strong>Coenationes</strong></span> <span class='ocrx_word' id='word_1_106' title='bbox 913 1421 1116 1482; x_wconf 76' lang='lat' dir='ltr'><strong>laqueatae</strong></span> <span class='ocrx_word' id='word_1_107' title='bbox 1149 1421 1305 1466; x_wconf 76' lang='lat' dir='ltr'><strong>tabulis</strong></span> <span class='ocrx_word' id='word_1_108' title='bbox 1339 1422 1536 1465; x_wconf 87' lang='lat' dir='ltr'><strong>eburneis</strong></span> <span class='ocrx_word' id='word_1_109' title='bbox 1571 1419 1776 1464; x_wconf 89' lang='lat' dir='ltr'><strong>versatili-</strong></span> 
     </span>
     <span class='ocr_line' id='line_1_17' title="bbox 431 1500 1776 1561; baseline 0.001 -20"><span class='ocrx_word' id='word_1_110' title='bbox 431 1500 530 1555; x_wconf 77' lang='lat' dir='ltr'><strong>bus,</strong></span> <span class='ocrx_word' id='word_1_111' title='bbox 560 1510 608 1543; x_wconf 90' lang='lat' dir='ltr'><strong>ut</strong></span> <span class='ocrx_word' id='word_1_112' title='bbox 643 1500 793 1556; x_wconf 76' lang='lat' dir='ltr'><strong>flores,</strong></span> <span class='ocrx_word' id='word_1_113' title='bbox 819 1501 1039 1557; x_wconf 61' lang='lat' dir='ltr'><strong>simulatis,</strong></span> <span class='ocrx_word' id='word_1_114' title='bbox 1070 1512 1116 1545; x_wconf 87' lang='lat' dir='ltr'><strong>ut</strong></span> <span class='ocrx_word' id='word_1_115' title='bbox 1152 1511 1368 1561; x_wconf 83' lang='lat' dir='ltr'><strong>unguenta</strong></span> <span class='ocrx_word' id='word_1_116' title='bbox 1403 1501 1583 1560; x_wconf 89' lang='lat' dir='ltr'><strong>desuper</strong></span> <span class='ocrx_word' id='word_1_117' title='bbox 1608 1516 1776 1560; x_wconf 81' lang='lat' dir='ltr'><strong>sparge-</strong></span> 
     </span>
     <span class='ocr_line' id='line_1_18' title="bbox 432 1579 1771 1639; baseline 0.001 -19"><span class='ocrx_word' id='word_1_118' title='bbox 432 1588 593 1621; x_wconf 81' lang='lat' dir='ltr'><strong>rentur.</strong></span> <span class='ocrx_word' id='word_1_119' title='bbox 626 1581 842 1639; x_wconf 76' lang='lat' dir='ltr'><strong>Praecipua</strong></span> <span class='ocrx_word' id='word_1_120' title='bbox 881 1581 1168 1623; x_wconf 83' lang='lat' dir='ltr'><strong>coenationum</strong></span> <span class='ocrx_word' id='word_1_121' title='bbox 1199 1579 1409 1634; x_wconf 80' lang='lat' dir='ltr'><strong>rotunda,</strong></span> <span class='ocrx_word' id='word_1_122' title='bbox 1435 1596 1527 1638; x_wconf 77' lang='lat' dir='ltr'><strong>quae</strong></span> <span class='ocrx_word' id='word_1_123' title='bbox 1564 1589 1771 1639; x_wconf 87' lang='lat' dir='ltr'><strong>perpetuo</strong></span> 
     </span>
     <span class='ocr_line' id='line_1_19' title="bbox 430 1656 1774 1718; baseline 0.001 -19"><span class='ocrx_word' id='word_1_124' title='bbox 430 1656 575 1700; x_wconf 87' lang='lat' dir='ltr'><strong>diebus</strong></span> <span class='ocrx_word' id='word_1_125' title='bbox 602 1674 649 1701; x_wconf 90' lang='lat' dir='ltr'><strong>ac</strong></span> <span class='ocrx_word' id='word_1_126' title='bbox 675 1659 871 1702; x_wconf 76' lang='lat' dir='ltr'><strong>noctibus</strong></span> <span class='ocrx_word' id='word_1_127' title='bbox 895 1660 985 1702; x_wconf 88' lang='lat' dir='ltr'><strong>vice</strong></span> <span class='ocrx_word' id='word_1_128' title='bbox 1009 1659 1156 1702; x_wconf 89' lang='lat' dir='ltr'><strong>mundi</strong></span> <span class='ocrx_word' id='word_1_129' title='bbox 1175 1659 1537 1718; x_wconf 79' lang='lat' dir='ltr'><strong>circumageretur</strong></span> <span class='ocrx_word' id='word_1_130' title='bbox 1562 1675 1570 1700; x_wconf 78' lang='lat' dir='ltr'><em>z</em></span> <span class='ocrx_word' id='word_1_131' title='bbox 1597 1657 1774 1701; x_wconf 84' lang='lat' dir='ltr'><strong>balineae</strong></span> 
     </span>
     <span class='ocr_line' id='line_1_20' title="bbox 430 1736 1771 1796; baseline 0.001 -19"><span class='ocrx_word' id='word_1_132' title='bbox 430 1736 603 1779; x_wconf 88' lang='lat' dir='ltr'><strong>marinis</strong></span> <span class='ocrx_word' id='word_1_133' title='bbox 650 1746 690 1779; x_wconf 84' lang='lat' dir='ltr'><strong>et</strong></span> <span class='ocrx_word' id='word_1_134' title='bbox 725 1736 889 1780; x_wconf 86' lang='lat' dir='ltr'><strong>Albulis</strong></span> <span class='ocrx_word' id='word_1_135' title='bbox 930 1737 1110 1781; x_wconf 80' lang='lat' dir='ltr'><strong>fluentes</strong></span> <span class='ocrx_word' id='word_1_136' title='bbox 1157 1738 1291 1796; x_wconf 80' lang='lat' dir='ltr'><strong>aquis,</strong></span> <span class='ocrx_word' id='word_1_137' title='bbox 1334 1736 1557 1795; x_wconf 85' lang='lat' dir='ltr'><strong>Ejusmodi</strong></span> <span class='ocrx_word' id='word_1_138' title='bbox 1597 1736 1771 1779; x_wconf 87' lang='lat' dir='ltr'><strong>domum</strong></span> 
     </span>
     <span class='ocr_line' id='line_1_21' title="bbox 429 1814 1773 1875; baseline 0.001 -19"><span class='ocrx_word' id='word_1_139' title='bbox 429 1831 561 1873; x_wconf 84' lang='lat' dir='ltr'><strong>quum</strong></span> <span class='ocrx_word' id='word_1_140' title='bbox 594 1814 833 1859; x_wconf 87' lang='lat' dir='ltr'><strong>absolutam</strong></span> <span class='ocrx_word' id='word_1_141' title='bbox 858 1815 1102 1870; x_wconf 89' lang='lat' dir='ltr'><strong>dedicaret,</strong></span> <span class='ocrx_word' id='word_1_142' title='bbox 1125 1816 1333 1859; x_wconf 88' lang='lat' dir='ltr'><strong>hactenus</strong></span> <span class='ocrx_word' id='word_1_143' title='bbox 1359 1815 1674 1875; x_wconf 78' lang='lat' dir='ltr'><strong>comprobavit,</strong></span> <span class='ocrx_word' id='word_1_144' title='bbox 1699 1824 1773 1869; x_wconf 87' lang='lat' dir='ltr'><strong>ut,</strong></span> 
     </span>
     <span class='ocr_line' id='line_1_22' title="bbox 430 1893 1773 1954; baseline 0 -18"><span class='ocrx_word' id='word_1_145' title='bbox 430 1910 566 1947; x_wconf 84' lang='lat' dir='ltr'><strong>&lt;‹se,»</strong></span> <span class='ocrx_word' id='word_1_146' title='bbox 595 1893 780 1949; x_wconf 80' lang='lat' dir='ltr'><strong>diceret,</strong></span> <span class='ocrx_word' id='word_1_147' title='bbox 808 1896 965 1954; x_wconf 85' lang='lat' dir='ltr'><strong>«quasi</strong></span> <span class='ocrx_word' id='word_1_148' title='bbox 1003 1895 1220 1938; x_wconf 87' lang='lat' dir='ltr'><strong>hominem</strong></span> <span class='ocrx_word' id='word_1_149' title='bbox 1259 1894 1429 1938; x_wconf 84' lang='lat' dir='ltr'><strong>tandem</strong></span> <span class='ocrx_word' id='word_1_150' title='bbox 1465 1894 1655 1937; x_wconf 86' lang='lat' dir='ltr'><strong>habitare</strong></span> <span class='ocrx_word' id='word_1_151' title='bbox 1689 1909 1773 1936; x_wconf 86' lang='lat' dir='ltr'><strong>coe-</strong></span> 
     </span>
     <span class='ocr_line' id='line_1_23' title="bbox 429 1972 1773 2034; baseline 0 -20"><span class='ocrx_word' id='word_1_152' title='bbox 429 1974 550 2031; x_wconf 88' lang='lat' dir='ltr'><strong>pisse.</strong></span> <span class='ocrx_word' id='word_1_153' title='bbox 573 1994 593 2014; x_wconf 86' lang='lat'>»</span> <span class='ocrx_word' id='word_1_154' title='bbox 621 1975 828 2017; x_wconf 78' lang='lat' dir='ltr'><strong>Praeterea</strong></span> <span class='ocrx_word' id='word_1_155' title='bbox 852 1975 1082 2018; x_wconf 85' lang='lat' dir='ltr'><strong>inchoabat</strong></span> <span class='ocrx_word' id='word_1_156' title='bbox 1105 1975 1310 2034; x_wconf 90' lang='lat' dir='ltr'><strong>piscinam</strong></span> <span class='ocrx_word' id='word_1_157' title='bbox 1336 1990 1359 2015; x_wconf 92' lang='lat' dir='ltr'><strong>a</strong></span> <span class='ocrx_word' id='word_1_158' title='bbox 1380 1974 1546 2015; x_wconf 90' lang='lat' dir='ltr'><strong>Miseno</strong></span> <span class='ocrx_word' id='word_1_159' title='bbox 1572 1972 1623 2015; x_wconf 85' lang='lat' dir='ltr'><strong>ad</strong></span> <span class='ocrx_word' id='word_1_160' title='bbox 1645 1974 1773 2016; x_wconf 87' lang='lat' dir='ltr'><strong>Aver-</strong></span> 
     </span>
     <span class='ocr_line' id='line_1_24' title="bbox 428 2050 1773 2112; baseline 0.001 -19"><span class='ocrx_word' id='word_1_161' title='bbox 428 2068 530 2094; x_wconf 89' lang='lat' dir='ltr'><strong>num</strong></span> <span class='ocrx_word' id='word_1_162' title='bbox 558 2052 694 2095; x_wconf 89' lang='lat' dir='ltr'><strong>lacum</strong></span> <span class='ocrx_word' id='word_1_163' title='bbox 712 2086 722 2109; x_wconf 87' lang='lat'>,</span> <span class='ocrx_word' id='word_1_164' title='bbox 739 2062 976 2096; x_wconf 87' lang='lat' dir='ltr'><strong>contectam</strong></span> <span class='ocrx_word' id='word_1_165' title='bbox 993 2087 1002 2108; x_wconf 85' lang='lat'><strong><em>‚</em></strong></span> <span class='ocrx_word' id='word_1_166' title='bbox 1022 2052 1341 2112; x_wconf 85' lang='lat' dir='ltr'><strong>porticibusque</strong></span> <span class='ocrx_word' id='word_1_167' title='bbox 1367 2050 1608 2094; x_wconf 87' lang='lat' dir='ltr'><strong>conclusam</strong></span> <span class='ocrx_word' id='word_1_168' title='bbox 1626 2085 1636 2104; x_wconf 81' lang='lat'><em>‚</em></span> <span class='ocrx_word' id='word_1_169' title='bbox 1661 2068 1746 2111; x_wconf 89' lang='lat' dir='ltr'><strong>quo</strong></span> <span class='ocrx_word' id='word_1_170' title='bbox 1762 2085 1773 2107; x_wconf 82' lang='lat'>‚</span> 
     </span>
     <span class='ocr_line' id='line_1_25' title="bbox 429 2130 1773 2190; baseline 0.002 -20"><span class='ocrx_word' id='word_1_171' title='bbox 429 2130 629 2189; x_wconf 83' lang='lat' dir='ltr'><strong>quicquid</strong></span> <span class='ocrx_word' id='word_1_172' title='bbox 654 2132 752 2173; x_wconf 86' lang='lat' dir='ltr'><strong>totis</strong></span> <span class='ocrx_word' id='word_1_173' title='bbox 782 2132 893 2173; x_wconf 87' lang='lat' dir='ltr'><strong>Baiis</strong></span> <span class='ocrx_word' id='word_1_174' title='bbox 929 2130 1163 2174; x_wconf 83' lang='lat' dir='ltr'><strong>calidarum</strong></span> <span class='ocrx_word' id='word_1_175' title='bbox 1192 2148 1398 2190; x_wconf 88' lang='lat' dir='ltr'><strong>aquarum</strong></span> <span class='ocrx_word' id='word_1_176' title='bbox 1435 2141 1569 2187; x_wconf 79' lang='lat' dir='ltr'><strong>esset,</strong></span> <span class='ocrx_word' id='word_1_177' title='bbox 1598 2147 1773 2174; x_wconf 87' lang='lat' dir='ltr'><strong>conver-</strong></span> 
     </span>
     <span class='ocr_line' id='line_1_26' title="bbox 430 2209 1771 2270; baseline 0.004 -22"><span class='ocrx_word' id='word_1_178' title='bbox 430 2217 588 2251; x_wconf 73' lang='lat' dir='ltr'><strong>teretur</strong></span> <span class='ocrx_word' id='word_1_179' title='bbox 616 2226 625 2251; x_wconf 89' lang='lat'>:</span> <span class='ocrx_word' id='word_1_180' title='bbox 650 2209 803 2252; x_wconf 82' lang='lat' dir='ltr'><strong>fossam</strong></span> <span class='ocrx_word' id='word_1_181' title='bbox 837 2210 889 2252; x_wconf 85' lang='lat' dir='ltr'><strong>ab</strong></span> <span class='ocrx_word' id='word_1_182' title='bbox 914 2213 1082 2253; x_wconf 88' lang='lat' dir='ltr'><strong>Averno</strong></span> <span class='ocrx_word' id='word_1_183' title='bbox 1112 2211 1277 2254; x_wconf 88' lang='lat' dir='ltr'><strong>Ostiam</strong></span> <span class='ocrx_word' id='word_1_184' title='bbox 1309 2226 1466 2270; x_wconf 84' lang='lat' dir='ltr'><strong>usque,</strong></span> <span class='ocrx_word' id='word_1_185' title='bbox 1495 2219 1539 2252; x_wconf 90' lang='lat' dir='ltr'><strong>ut</strong></span> <span class='ocrx_word' id='word_1_186' title='bbox 1567 2210 1771 2264; x_wconf 85' lang='lat' dir='ltr'><strong>navibus,</strong></span> 
     </span>
     <span class='ocr_line' id='line_1_27' title="bbox 429 2288 1772 2350; baseline 0.002 -21"><span class='ocrx_word' id='word_1_187' title='bbox 429 2304 505 2331; x_wconf 89' lang='lat' dir='ltr'><strong>nec</strong></span> <span class='ocrx_word' id='word_1_188' title='bbox 536 2297 680 2331; x_wconf 83' lang='lat' dir='ltr'><strong>tamen</strong></span> <span class='ocrx_word' id='word_1_189' title='bbox 706 2289 839 2343; x_wconf 85' lang='lat' dir='ltr'><strong>mari,</strong></span> <span class='ocrx_word' id='word_1_190' title='bbox 868 2290 1014 2345; x_wconf 84' lang='lat' dir='ltr'><strong>iretur,</strong></span> <span class='ocrx_word' id='word_1_191' title='bbox 1040 2288 1318 2350; x_wconf 83' lang='lat' dir='ltr'><strong>longitudinis</strong></span> <span class='ocrx_word' id='word_1_192' title='bbox 1348 2307 1425 2349; x_wconf 84' lang='lat' dir='ltr'><strong>per</strong></span> <span class='ocrx_word' id='word_1_193' title='bbox 1458 2299 1627 2332; x_wconf 87' lang='lat' dir='ltr'><strong>centum</strong></span> <span class='ocrx_word' id='word_1_194' title='bbox 1656 2305 1772 2332; x_wconf 87' lang='lat' dir='ltr'><strong>sexa-</strong></span> 
     </span>
     <span class='ocr_line' id='line_1_28' title="bbox 429 2367 1770 2428; baseline 0.001 -19"><span class='ocrx_word' id='word_1_195' title='bbox 429 2368 545 2426; x_wconf 80' lang='lat' dir='ltr'><strong>ginta</strong></span> <span class='ocrx_word' id='word_1_196' title='bbox 582 2367 738 2422; x_wconf 78' lang='lat' dir='ltr'><strong>millia3</strong></span> <span class='ocrx_word' id='word_1_197' title='bbox 776 2367 1035 2422; x_wconf 83' lang='lat' dir='ltr'><strong>latitudinis,</strong></span> <span class='ocrx_word' id='word_1_198' title='bbox 1071 2385 1155 2428; x_wconf 86' lang='lat' dir='ltr'><strong>qua</strong></span> <span class='ocrx_word' id='word_1_199' title='bbox 1188 2370 1412 2412; x_wconf 84' lang='lat' dir='ltr'><strong>contrariae</strong></span> <span class='ocrx_word' id='word_1_200' title='bbox 1448 2369 1770 2428; x_wconf 84' lang='lat' dir='ltr'><strong>quinqueremes</strong></span> 
     </span>
     <span class='ocr_line' id='line_1_29' title="bbox 428 2448 1769 2508; baseline 0.001 -20"><span class='ocrx_word' id='word_1_201' title='bbox 428 2457 725 2490; x_wconf 77' lang='lat' dir='ltr'><strong>commearent.</strong></span> <span class='ocrx_word' id='word_1_202' title='bbox 764 2449 960 2504; x_wconf 82' lang='lat' dir='ltr'><strong>Quorum</strong></span> <span class='ocrx_word' id='word_1_203' title='bbox 1000 2466 1178 2508; x_wconf 85' lang='lat' dir='ltr'><strong>operum</strong></span> <span class='ocrx_word' id='word_1_204' title='bbox 1212 2448 1565 2507; x_wconf 75' lang='lat' dir='ltr'><strong>perficiendorum</strong></span> <span class='ocrx_word' id='word_1_205' title='bbox 1607 2448 1769 2507; x_wconf 82' lang='lat' dir='ltr'><strong>gratia,</strong></span> 
     </span>
     <span class='ocr_line' id='line_1_30' title="bbox 429 2525 1771 2588; baseline 0.001 -23"><span class='ocrx_word' id='word_1_206' title='bbox 429 2525 543 2582; x_wconf 86' lang='lat' dir='ltr'><strong>quod</strong></span> <span class='ocrx_word' id='word_1_207' title='bbox 568 2526 727 2587; x_wconf 86' lang='lat' dir='ltr'><strong>ubique</strong></span> <span class='ocrx_word' id='word_1_208' title='bbox 751 2537 859 2570; x_wconf 84' lang='lat' dir='ltr'><strong>esset</strong></span> <span class='ocrx_word' id='word_1_209' title='bbox 883 2527 1083 2570; x_wconf 75' lang='lat' dir='ltr'><strong>custodiae</strong></span> <span class='ocrx_word' id='word_1_210' title='bbox 1099 2562 1109 2582; x_wconf 69' lang='lat'>7</span> <span class='ocrx_word' id='word_1_211' title='bbox 1128 2529 1167 2569; x_wconf 88' lang='lat' dir='ltr'><strong>in</strong></span> <span class='ocrx_word' id='word_1_212' title='bbox 1198 2527 1362 2570; x_wconf 77' lang='lat' dir='ltr'><strong>ltaliam</strong></span> <span class='ocrx_word' id='word_1_213' title='bbox 1387 2527 1626 2588; x_wconf 84' lang='lat' dir='ltr'><strong>deportari,</strong></span> <span class='ocrx_word' id='word_1_214' title='bbox 1644 2525 1771 2568; x_wconf 89' lang='lat' dir='ltr'><strong>etiam</strong></span> 
     </span>
    </p>
   </div>
   <div class='ocr_carea' id='block_1_3' title="bbox 430 2605 1767 2666">
    <p class='ocr_par' dir='ltr' id='par_1_4' title="bbox 430 2605 1767 2666">
     <span class='ocr_line' id='line_1_31' title="bbox 430 2605 1767 2666; baseline -0.001 -19"><span class='ocrx_word' id='word_1_215' title='bbox 430 2605 581 2648; x_wconf 77' lang='lat' dir='ltr'><strong>scelere</strong></span> <span class='ocrx_word' id='word_1_216' title='bbox 608 2607 933 2649; x_wconf 69' lang='lat' dir='ltr'><strong>convictosnon</strong></span> <span class='ocrx_word' id='word_1_217' title='bbox 964 2607 1039 2648; x_wconf 82' lang='lat' dir='ltr'><strong>nisi</strong></span> <span class='ocrx_word' id='word_1_218' title='bbox 1066 2606 1114 2648; x_wconf 69' lang='lat' dir='ltr'><strong>:ul</strong></span> <span class='ocrx_word' id='word_1_219' title='bbox 1139 2623 1243 2666; x_wconf 83' lang='lat' dir='ltr'><strong>opus</strong></span> <span class='ocrx_word' id='word_1_220' title='bbox 1265 2607 1480 2662; x_wconf 83' lang='lat' dir='ltr'><strong>damnari,</strong></span> <span class='ocrx_word' id='word_1_221' title='bbox 1501 2615 1767 2665; x_wconf 54' lang='lat' dir='ltr'><strong>praeceperat.</strong></span> 
     </span>
    </p>
   </div>
  </div>
 </body>
</html>
