1988 3407
485 257 551 292 DE
581 252 910 291 ILLUSTRIBUS
941 252 1301 287 GRAMMATICIS.
1535 267 1580 299 91

204 340 474 399 verecundo,
496 362 516 383 n
546 339 810 401 scripsisset,
837 335 1114 380 acerbissima
1145 336 1277 379 satira
1307 333 1589 391 laceraverit,

200 445 220 466 «
242 422 482 468 lastaurum
503 443 523 464 »
560 432 604 466 et
639 440 659 462 «
680 419 929 473 lurconein,
951 436 971 458 n
998 427 1041 461 et
1067 436 1087 458 «
1109 415 1372 460 nebulonem
1399 417 1589 478 popino-

203 522 393 567 nemque
415 526 434 547 »
461 502 711 566 appellans,
733 511 775 545 et
799 519 819 542 «
841 500 928 543 vita
951 499 1211 560 scriptisque
1234 508 1551 555 monstrosum3
1571 519 1590 539 n

204 597 414 649 praeterea
440 605 460 628 «
484 586 730 646 priscorum
751 582 1020 642 Catonisque
1041 580 1279 625 verborum
1308 578 1592 623 ineruditissi-

201 686 323 714 mum
350 667 508 713 furem.
532 686 552 707 n
577 664 788 710 Traditur
816 674 961 709 autem
987 679 1098 724 puer
1125 661 1270 706 adhuc
1297 662 1465 706 catenis
1492 661 1593 705 sub-

201 760 381 811 reptus,
418 747 629 808 refugisse
664 747 707 790 in
744 746 958 807 pa⁸riam3
999 744 1305 805 perceptisque
1340 741 1592 786 liberalibus

201 828 469 891 disciplinis,
506 827 693 888 pretium
727 843 853 870 suum
887 825 1066 869 domino
1099 823 1321 879 retulisse,
1352 840 1504 868 verum
1537 824 1593 867 ob

203 911 428 971 ingenium
453 917 495 959 et
526 907 773 951 doctrinam
801 907 937 967 gratis
965 906 1272 950 manumissus,

266 991 388 1035 XVI.
409 990 468 1047 Q.
491 987 692 1034 Caecilius
712 987 916 1048 Epirota,
937 985 1116 1032 Tusculi
1138 996 1289 1042 natus,
1309 984 1493 1029 libertus
1514 988 1592 1030 At-

202 1071 298 1125 tici,
326 1070 485 1131 equitis
516 1069 712 1119 romani,
743 1068 795 1112 ad
830 1084 959 1128 quem
992 1077 1093 1112 sunt
1120 1067 1343 1112 Ciceronis
1370 1065 1564 1127 epistolae
1583 1101 1594 1122 ,

201 1167 339 1212 quum
367 1149 499 1194 filiam
526 1150 720 1211 patroni,
746 1158 930 1209 nuptam
956 1150 1110 1192 Marco
1131 1149 1358 1209 Agrippae,
1394 1147 1593 1201 doceret,

205 1241 434 1293 suspectus
454 1232 496 1274 in
527 1248 603 1286 ea,
624 1241 667 1274 et
687 1231 743 1274 ob
771 1231 854 1274 hoc
878 1239 1093 1286 remotus,
1122 1229 1175 1273 ad
1204 1228 1458 1274 Cornelium
1487 1228 1592 1273 Gal-

203 1312 294 1357 lum
319 1329 363 1357 se
392 1311 580 1356 contulit
605 1329 613 1354 :
644 1312 836 1372 vixitque
868 1327 955 1354 una
980 1309 1341 1366 familiarissime,
1372 1309 1489 1370 quod
1515 1311 1594 1370 ipsi

204 1392 334 1439 Gallo
351 1393 464 1436 inter
488 1393 744 1453 gravissima
762 1392 945 1435 crimina
963 1391 1016 1434 ab
1035 1393 1234 1451 Augusto
1251 1391 1472 1452 objicitur.
1494 1392 1598 1434 Post

203 1474 363 1518 deinde
384 1473 713 1517 damnationem
731 1483 1008 1532 mortemque
1029 1471 1170 1528 Galli,
1191 1471 1383 1515 scholam
1401 1473 1596 1532 aperuit;

207 1554 279 1598 sed
303 1554 358 1598 ita
374 1588 385 1609 ,
411 1564 459 1598 ut
482 1554 656 1614 paucis,
680 1563 722 1597 et
748 1562 918 1597 tantum
943 1551 1294 1596 adolescentibus
1317 1553 1596 1613 praeciperet,

207 1644 462 1696 praetextato
500 1634 688 1691 nemini,
726 1634 807 1677 nisi
845 1635 878 1677 si
917 1634 1042 1694 cujus
1074 1634 1247 1694 parenti
1280 1633 1364 1676 hoc
1403 1633 1598 1676 officium

206 1732 367 1778 negare
393 1733 480 1760 non
503 1725 660 1776 posset.
683 1716 857 1760 Primus
876 1714 1038 1758 dicitur
1062 1714 1195 1759 latine
1219 1732 1269 1759 ex
1287 1725 1485 1775 tempore
1508 1714 1597 1758 dis-

202 1807 406 1859 putasse,
453 1797 711 1856 primusque
750 1795 987 1856 Virgilium
1034 1806 1076 1839 et
1114 1795 1221 1839 alios
1260 1806 1411 1857 poetas
1461 1813 1598 1840 novos

205 1876 440 1938 preelegere
462 1876 661 1937 coepisse,
684 1876 802 1936 quod
827 1878 957 1920 etiam
988 1877 1172 1921 Domitii
1198 1878 1332 1921 Marsi
1358 1877 1598 1922 versiculus

208 1957 386 2012 indicat,

391 2077 567 2125 Epirota,
589 2079 815 2113 tenellorum
838 2079 1022 2113 nutricula
1046 2086 1182 2113 vatum.

274 2187 419 2230 XVII.
459 2186 643 2230 Verrius
683 2185 884 2241 Flaccus,
923 2185 1182 2242 libertinus,
1218 2186 1401 2232 docendi
1440 2203 1600 2247 genere

211 2267 401 2310 maxime
438 2266 656 2311 inclaruit.
696 2269 898 2328 Namque
936 2268 991 2311 ad
1024 2268 1300 2312 exercitanda
1336 2268 1598 2312 discentium

211 2348 387 2409 ingenia
414 2346 598 2408 aequales
634 2349 748 2392 inter
779 2366 823 2391 se
859 2349 1133 2392 committere
1162 2348 1351 2405 solebat,
1375 2351 1600 2410 proposita

213 2445 299 2472 non
336 2427 475 2472 solum
503 2430 712 2486 materia,
746 2446 876 2489 quam
918 2429 1184 2482 scriberent,
1226 2430 1298 2473 scd
1329 2440 1370 2473 et
1397 2431 1601 2490 przrniio,

213 2507 332 2568 quod
358 2509 498 2552 victor
521 2509 721 2553 auferret.
753 2509 799 2554 ld
826 2520 918 2553 erat
945 2509 1055 2553 liber
1079 2509 1234 2570 aliquis
1255 2511 1481 2570 antiquus,
1507 2510 1604 2570 pul-

212 2590 333 2646 cher,
371 2599 448 2634 aut
487 2591 639 2634 rarior.
667 2592 816 2647 Quare
849 2591 902 2635 ab
934 2595 1131 2653 Augusto
1159 2608 1337 2652 quoque
1368 2591 1603 2651 nepotibus

213 2669 306 2730 ejus
337 2680 580 2731 praeceptor
618 2669 809 2724 electus,
843 2673 1014 2715 transiit
1054 2673 1096 2716 in
1130 2671 1345 2716 Palatium
1387 2689 1485 2715 cuni
1513 2680 1602 2715 tota
