1971 3342
409 258 419 278 l
432 243 476 278 5⁴2
943 246 980 278 C.
1012 245 1241 279 SUETONII

404 326 566 385 pedita,
592 325 910 387 exploratorem
938 328 1038 382 viae,
1069 329 1310 387 primarum
1339 328 1586 372 cohortium
1623 341 1769 374 centu-

404 405 590 461 rionem,
615 415 800 449 stratum
828 406 950 449 humi
975 401 1095 466 paene
1116 407 1170 450 ad
1199 424 1347 450 necem
1371 408 1627 453 verberavit.

464 487 580 528 LXI.
618 487 722 528 Mox
756 486 799 527 in
838 501 965 528 omne
996 502 1132 546 genus
1164 486 1432 530 crudelitatis
1462 488 1628 548 erupit,
1654 505 1768 532 nun-

401 580 532 623 quam
570 564 795 609 deficiente
819 566 999 608 materia
1029 582 1038 608 ε
1067 583 1202 625 quum
1235 568 1377 626 primo
1412 567 1585 623 matris,
1612 566 1769 611 deinde

400 653 608 704 nepotum
627 653 669 687 et
683 660 835 698 nuruS‚
853 654 1073 704 postremo
1089 645 1233 705 Sejani
1251 644 1481 690 familiares
1496 655 1626 707 atque
1639 647 1769 690 etiam

400 733 525 767 notos
542 733 887 784 persequeretur.
908 726 1012 767 Post
1034 724 1158 784 cujus
1183 725 1407 768 interitum
1425 724 1492 768 vel
1513 725 1769 769 saevissimus

399 804 585 858 exstitit3
611 820 698 862 quo
723 804 908 847 maxime
932 803 1156 864 apparuit,
1184 821 1272 847 non
1292 814 1379 847 tam
1406 806 1548 865 ipsum
1566 822 1591 848 a
1611 807 1769 865 Sejano

400 884 608 927 concitari
641 883 841 939 solitum,
879 900 1010 943 quam
1043 884 1248 943 Sejanum
1281 885 1492 943 quaerenti
1522 885 1773 928 occasiones

399 963 760 1007 subministrasse.
800 964 893 1007 Etsi
934 964 1280 1019 commentario,
1316 980 1446 1023 quem
1485 963 1538 1008 de
1572 965 1662 1007 vita
1695 980 1772 1007 sua

399 1044 646 1086 summatim
684 1044 961 1104 breviterque
994 1045 1262 1104 composuit,
1297 1060 1428 1088 ausus
1463 1054 1525 1087 est
1558 1044 1770 1099 scribere,

398 1142 417 1162 «
436 1123 641 1182 Sejanum
670 1140 713 1167 se
736 1125 937 1184 punisse,
968 1124 1087 1183 quod
1118 1123 1421 1183 comperisset,
1447 1123 1591 1168 furere
1617 1123 1771 1167 adver-

398 1219 470 1246 sus
498 1201 655 1247 liberos
684 1204 935 1249 Germanici
970 1203 1045 1246 filii
1072 1204 1164 1247 sui:
1188 1222 1208 1243 2>
1236 1220 1422 1263 quorum
1452 1203 1542 1263 ipse
1568 1201 1771 1258 alterum,

397 1293 597 1343 suspecto
612 1285 724 1344 jam,
745 1282 932 1327 alterum
946 1317 957 1339 ,
978 1300 1186 1344 oppresso
1215 1282 1390 1326 demum
1414 1283 1593 1342 Sejano,
1612 1283 1774 1325 intere-

397 1362 489 1406 mit.
525 1362 791 1424 Singillatim
825 1362 1061 1407 crudeliter
1092 1363 1206 1406 facta
1239 1363 1331 1422 ejus
1364 1363 1558 1422 exsequi,
1592 1361 1773 1422 longum

398 1453 462 1488 est
488 1460 496 1486 :
520 1460 705 1504 genera,
732 1442 852 1486 velut
881 1442 1168 1502 exemplaria,
1197 1443 1367 1486 saevitiae
1395 1458 1678 1498 enumerare,
1707 1450 1773 1485 sat

398 1524 492 1566 erit.
512 1522 674 1567 Nullus
693 1539 718 1565 a
739 1538 866 1582 poena
884 1522 1116 1565 hominum
1133 1522 1317 1565 cessavit
1333 1521 1424 1565 dies
1439 1555 1450 1577 ,
1472 1538 1526 1565 ne
1547 1520 1773 1581 religiosus

398 1602 575 1661 quidem
617 1619 667 1645 ac
702 1618 834 1645 sacer.
871 1601 1237 1645 Animadversum
1273 1602 1318 1644 in
1350 1600 1562 1661 quosdam
1598 1601 1773 1643 ineunte

398 1698 514 1724 anno
534 1697 647 1724 novo
669 1698 679 1723 ε
697 1682 885 1725 accusati
903 1680 1187 1740 damnatique
1207 1679 1335 1723 multi
1354 1697 1455 1723 cum
1480 1678 1624 1722 liberis
1644 1687 1774 1738 atque

399 1762 528 1804 etiam
556 1761 766 1804 uxoribus
798 1761 899 1804 suis.
935 1759 1249 1814 Interdictum,
1286 1776 1340 1802 ne
1371 1760 1513 1819 capite
1545 1757 1774 1801 damnatos

396 1841 635 1901 propinqui
653 1839 856 1901 lugerent
875 1857 883 1883 :
901 1839 1074 1884 decreta
1094 1839 1419 1883 accusatoribus
1436 1839 1655 1899 praecipua
1669 1853 1776 1897 prae-

397 1922 508 1976 mia,
544 1937 861 1980 nonnunquam
888 1929 931 1963 et
957 1920 1151 1963 testibus.
1182 1919 1357 1963 Nemini
1391 1917 1635 1961 delatorum
1669 1915 1775 1959 fides

396 2001 619 2062 abrogata.
657 2002 801 2044 Omne
833 2000 999 2043 crimen
1034 2015 1115 2057 pro
1155 1996 1329 2057 capitali
1363 2006 1614 2057 receptum,
1643 1997 1774 2039 etiam

395 2096 638 2140 paucorum
654 2078 1006 2138 simpliciumque
1021 2077 1272 2120 verborum.
1284 2075 1520 2136 Objectum
1535 2085 1600 2119 est
1615 2084 1774 2136 poetae,

396 2158 514 2217 quod
534 2160 576 2201 in
593 2157 802 2219 tragoedia
822 2159 1196 2218 Agamemnonem
1218 2156 1391 2216 probris
1410 2155 1676 2199 lacessisset:
1695 2155 1773 2198 ob·-

391 2238 558 2297 jectum
585 2247 627 2281 et
646 2239 877 2292 historico,
901 2236 1020 2296 quod
1044 2239 1265 2279 «Brutum
1289 2235 1577 2295 Cassiumque
1598 2234 1774 2278 ultimos

395 2319 729 2361 Romanorum»
749 2317 949 2360 dixisset:
975 2315 1328 2359 animadversum
1354 2325 1418 2358 est
1440 2315 1586 2358 statim
1611 2316 1655 2358 in
1672 2331 1774 2358 auc-

398 2407 532 2454 tores,
559 2399 806 2457 seriptaque
824 2395 1009 2451 abolita,
1035 2397 1235 2455 quamvis
1255 2395 1551 2454 probarentur
1574 2404 1675 2438 ante
1697 2392 1775 2436 ali-

396 2487 504 2536 quot
530 2493 690 2533 annos,
718 2477 848 2520 etiam
876 2478 1077 2536 Augusto
1100 2474 1331 2529 audiente,
1356 2475 1548 2518 recitata.
1577 2473 1773 2531 Quibus-

399 2556 519 2612 dam,
557 2557 763 2601 custodiae
802 2556 995 2610 traditis,
1028 2571 1117 2597 non
1156 2553 1286 2597 modo
1330 2553 1534 2597 studendi
1571 2551 1772 2596 solatium

398 2636 642 2690 ademtum,
673 2637 746 2680 sed
776 2638 907 2679 etlam
943 2635 1155 2678 sermonis
1187 2643 1224 2675 cl
1259 2632 1465 2692 colloquii
1494 2648 1608 2676 usus.
1640 2631 1772 2675 Citati
