1988 3439
801 267 941 301 NERO.
1475 264 1519 302 25
1530 279 1542 301 t

203 352 305 406 tuit,
322 361 388 407 ut,
411 349 710 395 contaminatis
728 364 847 409 paene
864 347 1062 390 omnibus
1081 347 1302 402 membris,
1320 349 1547 392 novissime

201 433 322 491 quasi
345 448 477 492 genus
508 430 622 474 lusus
647 428 932 488 excogitaret,
960 443 1046 487 quo
1069 426 1165 470 ferae
1193 426 1301 487 pelle
1327 439 1547 472 contectus

200 512 465 555 emitteretur
491 526 514 553 e
541 524 693 563 cavea,
720 508 997 567 virorumque
1020 522 1068 550 ac
1095 505 1351 550 feminarum
1381 508 1435 551 ad
1473 510 1548 552 sti-

203 591 335 650 pitem
362 589 644 651 deligatorum
673 587 853 648 inguina
881 586 1130 642 invaderet;
1156 596 1197 630 et
1224 603 1356 647 quum
1384 587 1547 631 affatim

201 670 461 725 desaevisset,
485 667 766 712 conficeretur
789 683 813 710 a
834 667 1094 727 Doryphoro
1110 665 1264 710 liberto
1283 683 1291 710 :
1315 667 1382 711 cui
1398 667 1548 720 etiam,

202 751 310 794 sicut
345 750 423 810 ipsi
458 749 734 808 Sporus,.ita
765 748 853 808 ipse
887 746 1114 808 denupsit,
1147 763 1270 790 voces
1304 762 1476 806 quoque
1508 756 1550 790 et

200 828 380 890 ejulatus
405 829 489 871 vim
513 828 767 888 patientium
785 828 1000 888 virginum
1024 827 1225 870 imitatus.
1242 829 1306 870 Ex
1330 825 1550 870 nonnullis

200 908 414 969 comperi,
440 907 808 968 persuasissimum
830 906 1027 950 habuisse
1050 922 1170 962 eum,
1188 907 1400 950 neminem
1419 907 1551 950 homi·

201 1004 300 1032 nem
326 987 556 1048 pudicum,
584 997 659 1030 aut
685 986 768 1030 ulla
796 988 988 1046 corporis
1017 996 1137 1047 parte
1162 1002 1319 1046 purum
1343 1002 1457 1042 esse3
1482 1003 1551 1029 ve-

200 1084 297 1112 rum
321 1066 548 1128 plerosque
571 1066 841 1111 dissimulare
868 1066 1017 1110 vitium
1034 1101 1044 1120 ,
1073 1076 1115 1110 et
1137 1065 1289 1110 callide
1311 1066 1511 1126 obtegere
1540 1083 1548 1108 :

201 1147 382 1207 ideoque
409 1148 609 1208 professis
644 1146 759 1208 apud
790 1163 832 1190 se
865 1147 1187 1190 obscoenitatem
1214 1155 1354 1189 cetera
1380 1161 1552 1206 quoquc

199 1228 453 1271 concessisse
481 1226 647 1270 delicta.
1080 1232 1083 1234 ’

264 1308 399 1350 XXX.
426 1307 684 1350 Divitiarum
709 1317 750 1350 et
778 1307 970 1367 pecuniae
992 1306 1178 1350 fructum
1206 1322 1292 1350 non
1315 1304 1446 1348 alium
1470 1321 1552 1364 pn-

202 1386 347 1442 tabat,
375 1402 501 1446 quain
538 1386 828 1446 profusionem
859 1404 867 1430 :
895 1385 1089 1430 sordidos
1123 1402 1172 1429 ac
1201 1385 1410 1445 deparcos
1436 1401 1554 1440 esse,

201 1466 357 1525 quibus
384 1467 670 1526 impensarum
701 1467 811 1509 ratio
842 1475 1078 1520 constaret3
1103 1465 1331 1525 praelautos
1369 1481 1553 1524 vereque

201 1545 469 1607 magnificos,
496 1546 569 1605 qui
590 1545 871 1589 abuterentur
896 1562 944 1589 ac
968 1544 1209 1606 perderent.
1235 1544 1460 1589 Laudabat
1482 1545 1557 1587 mi-

200 1627 462 1687 rabaturque
476 1626 736 1671 avunculum
753 1628 906 1671 Caium
923 1625 1041 1670 nullo
1056 1627 1191 1687 magis
1210 1626 1383 1669 nomine
1396 1659 1407 1680 ,
1427 1642 1555 1685 quam

202 1707 321 1768 quod
356 1708 548 1768 ingentes
587 1724 610 1750 a
644 1707 816 1750 Tiberio
849 1705 1016 1751 relictas
1051 1722 1151 1767 opes
1187 1707 1229 1749 in
1266 1706 1385 1749 brevi
1419 1706 1558 1765 spatio

206 1786 482 1848 prodegisset.
503 1788 650 1844 Quare
671 1803 749 1830 nec
775 1786 983 1848 largiendi
1007 1803 1084 1831 nec
1103 1785 1352 1829 absumendi
1378 1784 1557 1828 modurn

207 1867 357 1910 tenuit.
383 1869 432 1910 In
461 1865 705 1920 Tiridaten,
735 1867 850 1925 quod
878 1868 945 1909 vix
969 1865 1171 1910 credibile
1196 1865 1406 1921 videatur,
1424 1866 1560 1908 octin-

206 1961 313 2007 gena
336 1962 560 1989 nummum
584 1944 715 1989 millia
739 1946 892 1989 diurna
914 1947 1126 2004 erogavit,
1146 1945 1407 2004 abeuntique
1433 1960 1561 2003 super

205 2026 447 2069 sestertium
474 2024 624 2068 millies
656 2025 849 2069 contulit.
890 2028 1164 2069 Menecraten
1206 2022 1488 2067 citharoedum
1519 2032 1562 2065 et

205 2103 425 2165 Spiculum
454 2104 755 2148 mirmillonem
783 2104 1107 2165 triumphalium
1136 2105 1324 2146 virorum
1352 2103 1560 2162 patrimo·

209 2185 290 2227 niis
341 2183 586 2244 aedibusque
638 2184 827 2228 donavit.
874 2185 1231 2245 Cercopithecuni
1278 2184 1528 2226 Panerotem
1551 2214 1562 2234 ,

208 2263 517 2317 feneratorem,
553 2273 594 2306 ct
633 2265 808 2307 urbanis
841 2265 1095 2324 rusticisque
1128 2263 1297 2323 praediis
1328 2260 1563 2321 locupleta·

210 2355 324 2399 turn,
362 2360 494 2404 prope
539 2345 657 2404 regio
696 2343 847 2387 extulit
887 2344 1049 2387 funere.
1084 2342 1256 2385 Nullam
1295 2351 1454 2385 vestem
1498 2341 1561 2382 bis

213 2423 363 2468 induit.
392 2423 713 2486 Quadringenis
742 2426 782 2468 in
820 2433 1027 2484 punctum
1057 2423 1256 2466 sestertiis
1282 2421 1414 2465 aleam
1452 2419 1562 2462 lusit.

214 2506 404 2548 Piscatus
418 2514 479 2547 est
501 2514 588 2548 rete
608 2515 779 2561 aurato,
800 2521 990 2565 purpura
1006 2518 1221 2562 coccoque
1238 2501 1410 2544 fiinibus
1433 2500 1563 2542 nexis.

215 2585 448 2644 Nunquam
495 2585 635 2627 minus
681 2584 794 2628 mille
836 2585 1022 2628 carrucis
1060 2584 1204 2626 scu-isse
1246 2583 1324 2624 iter
1368 2579 1564 2631 traditur,

214 2662 336 2707 soleis
369 2661 583 2708 mularum
617 2666 851 2725 argenteis,
879 2665 1140 2708 canusinatis
1182 2661 1468 2712 innlnonibns,
1501 2674 1565 2700 ar-
