1988 3439
579 234 824 269 OCTAVIUS
854 235 1122 272 AUGUSTUS.
1493 243 1515 279 8
1526 257 1538 279 1

164 312 344 375 flagellis
373 315 637 371 verberarit3
665 326 707 359 et
740 315 932 376 Pyladen
963 320 1084 363 Urbe
1111 331 1242 382 atque
1272 324 1398 371 Italia
1424 343 1540 372 sum-

163 396 370 451 moverit,
408 396 525 456 quod
560 406 876 457 spectatorem,
911 415 934 442 a
973 416 1061 460 quo
1098 401 1433 463 exsibilahatur,
1470 408 1542 451 de-

162 486 444 521 monstrasset
462 476 618 538 digito,
638 479 1014 541 conspicuumque
1034 480 1215 527 fecisset.

223 558 382 600 XLVI.
418 556 486 601 Ad
515 557 633 601 hunc
662 558 843 603 modum
869 561 992 604 Urbe
1020 563 1285 625 urbanisque
1312 567 1443 612 rebus
1465 570 1541 614 ad-

161 637 442 690 ministratis,
472 636 643 682 Italiam
676 638 1003 702 duodetriginta
1031 642 1304 690 coloniarum
1334 665 1541 708 numero,

160 715 447 761 deductarum
474 718 528 761 ab
555 735 626 776 se,
653 719 972 781 frequentavit,
1000 725 1294 787 operibusque
1325 744 1376 772 ac
1406 732 1541 775 veeti-

158 795 327 858 galibus
364 797 552 858 publicis
590 798 865 861 plurifariam
903 802 1109 849 instruxit
1146 823 1156 849 :
1193 808 1323 852 etiam
1355 809 1456 870 jure
1491 828 1541 856 ac

157 876 412 940 dignatione
420 879 532 924 Urbi
547 880 874 942 quodammodo
890 900 971 944 pro
985 895 1109 946 parte
1122 885 1264 948 aliqua
1282 889 1540 952 adaequavit,

156 959 400 1021 excogitato
417 977 577 1022 genere
596 961 930 1025 suffragiorum,
946 982 1041 1027 quae
1057 966 1111 1011 de
1125 970 1452 1032 magistratibus
1469 991 1541 1019 ur-

155 1037 263 1083 bicis
287 1038 546 1086 decuriones
569 1041 754 1087 colonici
782 1045 825 1088 in
848 1062 926 1089 sua
951 1047 1137 1108 quisque
1162 1049 1333 1096 colonia
1354 1052 1540 1113 ferrent,

155 1128 197 1163 et
212 1120 292 1164 sub
313 1119 427 1165 diem
449 1123 731 1168 comitiorum
755 1125 983 1188 obsignata
1005 1131 1191 1174 Romam
1215 1133 1454 1179 mitterent.
1475 1138 1540 1180 Ac

156 1202 312 1246 necubi
338 1213 414 1246 aut
438 1203 725 1249 honestorum
747 1205 949 1252 deficeret
972 1211 1096 1271 copia
1111 1246 1122 1265 ,
1151 1223 1228 1256 aut
1246 1213 1539 1261 multitudiuis

156 1281 346 1338 soboles,
372 1294 616 1345 equestrem
642 1287 837 1332 militiam
861 1299 1058 1350 petentes
1080 1293 1210 1336 etiam
1237 1312 1289 1339 ex
1317 1313 1540 1342 commen-

155 1362 331 1407 datione
354 1363 531 1424 publica
555 1365 767 1426 cujusque
788 1369 939 1428 oppidi
964 1370 1218 1429 ordinabat3
1239 1385 1283 1418 at
1310 1377 1385 1433 iis,
1414 1379 1489 1438 qui
1517 1396 1540 1423 e

153 1441 280 1504 plebe
309 1444 507 1505 regiones
544 1444 624 1488 sibi
651 1447 857 1491 revisenti
880 1447 990 1493 filios
1023 1449 1188 1497 filiasve
1215 1457 1538 1516 approbarent,

154 1522 325 1586 singula
347 1541 631 1570 nummorum
655 1525 791 1572 millia
814 1545 893 1590 pro
918 1530 1102 1593 singulis
1126 1532 1361 1582 dividebat.

218 1605 399 1649 XLVII.
437 1605 690 1651 Provincias
719 1606 978 1669 validiores,
1007 1621 1049 1657 et
1076 1629 1183 1674 quas
1213 1618 1370 1662 annuis
1400 1622 1538 1684 magi·

154 1694 370 1729 stratuum
398 1686 589 1747 imperiis
616 1688 733 1749 regi,
764 1706 843 1734 nec
870 1690 994 1736 facile
1021 1709 1099 1737 nee
1128 1704 1272 1740 tutum
1299 1709 1416 1758 erat,
1446 1703 1539 1764 ipse

152 1766 343 1827 suscepit
370 1783 380 1809 ε
409 1777 574 1811 ceteras
602 1770 940 1829 proconsulibus
969 1775 1124 1820 sortito
1151 1779 1369 1838 permisit,
1403 1792 1445 1826 et
1473 1794 1538 1829 ta-

155 1863 255 1890 men
282 1846 512 1892 nonnullas
539 1852 825 1894 commutavit
853 1854 1094 1912 interdum3
1118 1867 1249 1919 atque
1273 1877 1324 1905 ex
1349 1872 1537 1925 utroque

153 1943 311 1988 genere
332 1925 562 1989 plerasque
586 1931 741 1991 saepius
765 1931 884 1976 adiit.
906 1935 1096 1980 Urbium
1120 1939 1330 1998 quasdam
1353 1943 1536 1990 foedera-

153 2017 242 2065 tas,
272 2006 346 2051 sed
374 2006 427 2052 ad
453 2009 633 2053 exitium
665 2009 838 2056 lieentia
868 2016 1134 2076 praecipites,
1165 2017 1366 2065 libertate
1394 2025 1537 2084 priva-

153 2088 216 2131 vit
243 2104 253 2130 :
281 2086 408 2144 alias,
437 2098 513 2132 aut
541 2106 625 2134 aere
656 2090 796 2136 alieno
824 2092 1071 2141 laborantes
1099 2096 1277 2157 levavit,
1305 2113 1382 2147 aut
1412 2114 1536 2151 terrze

154 2177 277 2210 motu
306 2168 534 2213 subversas
562 2170 708 2215 denuo
734 2173 954 2232 condidit,
983 2187 1058 2221 aut
1086 2181 1239 2224 merita
1266 2198 1368 2244 erga
1398 2202 1537 2247 popu-

156 2245 248 2290 lum
268 2250 517 2292 Romanum
536 2249 791 2311 alleganteS,
807 2256 1041 2301 Latinitate
1062 2257 1125 2302 vel
1146 2261 1321 2307 civitate
1340 2264 1532 2311 donavit.

154 2329 248 2373 Nee
274 2337 356 2384 est,
385 2338 433 2372 ut
461 2330 639 2390 opinor,
666 2334 915 2392 provincia,
943 2349 1121 2398 excepta
1149 2340 1363 2388 duntaxat
1389 2347 1534 2391 Africa

154 2417 197 2452 et
215 2407 434 2465 Sardinia,
457 2426 588 2470 quam
609 2428 694 2455 non
715 2412 882 2457 adierit.
901 2417 950 2458 In
971 2417 1066 2473 has,
1087 2418 1237 2481 fugato
1256 2425 1389 2469 Sexto
1409 2429 1535 2471 Pom—

156 2489 275 2550 peio,
297 2489 496 2549 trajicere
520 2507 570 2534 ex
594 2491 740 2536 Sicilia
766 2506 1051 2555 apparantem
1077 2503 1298 2547 eontinuae
1320 2516 1362 2549 et
1385 2508 1535 2551 immo-

155 2568 262 2614 dicae
281 2579 559 2630 tempestates
578 2572 883 2632 inhibuerunt,
904 2595 983 2622 nec
1004 2596 1102 2623 mox
1122 2584 1293 2627 occasio
1312 2596 1386 2630 aut
1407 2604 1533 2632 causa

156 2649 401 2710 trajiciendi
430 2651 523 2696 fuit.

318 2747 344 2774 ι.
1281 2742 1310 2784 6
