1988 3439
629 244 666 277 C.
697 243 864 278 JULIUS
895 244 1076 278 CAESAR.
1490 253 1507 290 l.
1518 261 1535 292 7

177 340 258 384 que
302 324 491 369 humana
536 325 783 369 decreverat
816 342 825 368 :
857 327 957 369 item
1004 326 1334 386 jusjurandum,
1370 348 1457 390 quo
1495 349 1537 375 se

172 406 313 448 cuncti
341 422 421 466 pro
439 405 575 450 salute
604 405 733 449 unius
760 405 1080 450 adstrinxerant
1107 423 1116 449 z
1141 407 1298 467 quibus
1319 426 1536 471 perpauca

171 500 195 527 a
221 501 264 528 se
290 485 419 528 verba
443 484 622 528 addidit.
650 486 831 529 Lectum
858 502 937 547 pro
959 486 1110 530 rostris
1133 487 1176 529 in
1204 486 1345 530 forum
1375 492 1534 551 magis-

171 574 310 608 tratus
334 575 376 608 et
399 564 638 609 honoribus
664 565 802 608 functi
828 564 1092 610 detulerunt.
1118 567 1258 624 Quem
1281 585 1417 628 quum
1439 586 1536 629 pars

171 645 213 688 in
231 644 465 706 Capitolini
487 646 607 692 Jovis
632 643 739 689 cella
763 661 978 702 cremare,
1000 663 1099 707 pars
1124 648 1167 690 in
1189 648 1306 691 curia
1325 650 1534 709 Pompeii,

169 724 427 781 destinaret,
454 735 632 786 repente
668 724 755 769 duo
791 725 989 786 quidam,
1027 725 1179 787 gladiis
1217 729 1447 784 succincti,
1486 745 1535 773 ac

168 805 268 848 bina
293 803 437 865 jacula
463 815 704 867 gestantes,
735 805 988 850 ardentibus
1016 808 1148 851 cereis
1178 807 1497 853 succenderunt
1525 827 1535 853 ε

168 884 481 946 confestimque
518 886 894 930 circumstantium
924 887 1053 930 turba
1089 887 1278 949 virgulta
1312 889 1454 945 arida3
1495 901 1537 934 et

168 981 266 1008 cum
291 965 504 1010 subselliis
531 967 787 1024 tribunalia,
813 967 1026 1028 quidquid
1047 978 1253 1028 praeterea
1277 969 1331 1012 ad
1358 986 1534 1014 manum

167 1043 342 1101 aderat,
380 1048 593 1108 congessit
625 1065 634 1090 ε
664 1047 820 1091 deinde
848 1048 1045 1092 tibicines
1079 1058 1121 1092 et
1156 1050 1314 1093 scenici
1352 1051 1537 1094 artifices

168 1135 348 1184 vestem,
372 1143 502 1187 quam
529 1144 579 1171 ex
604 1129 892 1173 instrumento
924 1129 1245 1189 triumphorum
1269 1130 1322 1173 ad
1349 1147 1537 1191 praesen-

170 1215 256 1250 tem
290 1223 415 1250 usum
454 1208 705 1263 induerant,
744 1209 982 1252 detractam
1025 1210 1109 1252 sibi
1150 1219 1280 1270 atque
1315 1210 1535 1255 discissam

170 1287 355 1346 injecere
379 1287 561 1332 ssammae
577 1299 643 1343 ,et
670 1299 975 1333 veteranorum
1002 1288 1191 1333 militum
1221 1289 1446 1351 legionarii
1470 1308 1538 1334 ar-

167 1383 237 1410 ma
272 1383 368 1422 sua,
406 1368 566 1427 quibus
607 1367 764 1412 exculti
809 1369 940 1413 funus
981 1369 1273 1413 celebrabant.
1324 1373 1538 1415 Matronae

167 1448 295 1492 etiam
318 1447 533 1508 pleraeque
551 1459 808 1493 ornamenta
831 1466 1039 1511 sua,quae
1060 1451 1294 1512 gerebant,
1311 1461 1352 1494 et
1377 1450 1536 1494 libero-

169 1545 266 1572 rum
295 1527 436 1572 bullas
472 1538 602 1584 atque
639 1539 880 1590 praetextas.
916 1533 969 1574 In
1006 1548 1176 1574 summo
1213 1530 1389 1592 publico
1418 1530 1539 1575 luctu

167 1618 412 1652 exterarum
438 1611 631 1669 gentium
665 1609 902 1654 multitudo
940 1610 1204 1667 circulatim,
1243 1629 1322 1655 suo
1357 1629 1540 1673 quaeque

170 1705 287 1732 more
313 1688 547 1734 lamentata
570 1701 633 1735 est
655 1708 663 1734 :
686 1692 987 1752 praecipueque
1002 1691 1137 1736 Judaei
1155 1726 1165 1746 ,
1188 1693 1263 1752 qui
1284 1693 1411 1736 etiam
1439 1709 1541 1736 noc-

169 1767 283 1811 tibus
307 1770 526 1813 continuis
554 1770 729 1814 bustum
757 1770 1102 1831 frequentarunt.

233 1851 454 1893 LXXXV.
488 1849 614 1894 Plebs
642 1852 786 1894 statim
815 1868 839 1895 a
871 1852 1021 1896 funere
1052 1853 1106 1897 ad
1136 1853 1315 1897 domum
1349 1855 1473 1898 Bruti
1500 1864 1542 1898 ct

169 1930 304 1975 Cassii
340 1946 438 1973 curn
476 1930 642 1974 facibus
682 1931 864 1974 tetendit
896 1943 1060 1992 :atque
1096 1949 1208 1994 aegre
1246 1933 1442 1993 repulsa,
1464 1934 1541 1977 ob-

170 2011 286 2053 vium
313 2010 392 2053 sibi
418 2009 621 2054 Helvium
646 2011 834 2054 Cinnam
864 2028 939 2071 per
966 2029 1158 2055 errorem
1189 2014 1398 2070 nominis,
1420 2015 1542 2073 quasi

169 2089 398 2134 Cornelius
438 2091 472 2134 is
510 2100 637 2146 esset,
669 2107 798 2151 quem
831 2092 1021 2152 graviter
1053 2091 1192 2152 pridie
1232 2095 1540 2136 concionatum

169 2168 222 2213 (le
249 2172 416 2214 Caesare
439 2171 706 2230 requirebat,
736 2170 893 2214 occidit
921 2189 929 2214 :
959 2181 1176 2232 caputque
1198 2173 1290 2232 ejus
1316 2172 1540 2233 praefixum

171 2249 301 2292 hastae
327 2248 595 2292 circumtulit
623 2269 630 2292 :
662 2260 810 2309 postea
836 2251 1018 2295 solidam
1050 2250 1299 2295 columnam
1323 2269 1459 2312 prope
1486 2255 1544 2295 vi-

170 2330 278 2390 ginti
309 2328 468 2390 pedum
502 2328 655 2389 lapidis=
689 2330 911 2373 Numidici
944 2333 986 2374 iu
1014 2332 1107 2374 foro
1147 2332 1319 2387 statuit,
1359 2333 1546 2392 scripsit-

169 2426 273 2470 que,
302 2425 497 2454 PARENTI
527 2426 715 2453 inxrniffi.
745 2409 872 2470 Apud
896 2410 1089 2453 eamdem
1108 2410 1239 2472 longo
1268 2422 1462 2471 tempore
1486 2428 1546 2454 sa-

170 2488 383 2541 crificare,
412 2498 510 2532 vota
547 2490 793 2550 suscipere,
827 2500 1143 2534 controversias
1169 2491 1379 2551 quasdam
1414 2491 1545 2534 inter·

172 2571 312 2630 posito
330 2586 406 2630 per
428 2572 639 2619 Caesarem
654 2571 943 2632 jurejurando
958 2571 1217 2625 distrahere,
1239 2571 1543 2631 perseveravit.

236 2653 480 2695 LXXXVI.
503 2652 803 2713 Suspicionem
831 2654 974 2696 Caesai·
999 2652 1258 2712 quibusdam
1285 2668 1463 2695 suorum
1483 2668 1546 2694 re-
