1971 3342
411 264 428 296 2·
437 264 455 286 α
942 251 979 285 C.
1011 250 1237 285 SUETONII

410 332 490 375 nisi
516 332 699 376 confessi
733 332 980 376 afficiuntur
1020 333 1101 375 hac
1129 349 1275 392 poena,
1317 333 1374 374 ita
1409 331 1545 374 fertur
1584 331 1764 374 interro-

410 429 530 472 gasse
559 430 567 455 :
592 415 745 457 «Certe
776 422 943 473 patrem
975 422 1100 455 tuum
1133 429 1219 455 non
1257 410 1512 455 occidisti?»
1536 413 1593 454 Et
1628 427 1765 470 quum

411 491 463 534 de
486 490 591 535 falso
618 502 874 536 testamento
902 491 1122 552 ageretur,
1147 507 1382 551 omnesque
1410 491 1647 551 signatores
1674 489 1767 551 lege

409 571 610 615 Cornelia
645 581 916 627 tenerentur,
943 587 1031 615 non
1060 580 1228 613 tantum
1269 570 1376 614 duas
1409 569 1611 626 tabellas,
1643 570 1764 613 dam-

412 653 620 695 natoriam
653 662 695 695 et
724 650 1054 708 absolutoriam,
1091 648 1217 694 simul
1244 651 1600 710 cognoscentibus
1629 650 1769 705 dedit3

410 731 480 774 sed
512 732 678 775 tertiam
708 748 906 792 quoque,
931 748 1016 791 qua
1046 731 1342 792 ignosceretur
1370 731 1444 787 iis,
1473 747 1581 790 quos
1617 730 1768 773 fraude

410 810 460 853 ad
490 811 749 871 signandum
773 811 838 855 vel
867 827 1012 855 errore
1044 810 1241 854 inductos
1267 811 1538 854 constitisset.
1568 808 1770 870 Appella-

410 891 547 934 tiones
578 892 809 950 quotannis
851 891 1117 934 urbanorum
1152 890 1328 951 quidem
1363 890 1630 951 litigatorum
1657 907 1768 950 prae-

410 969 523 1013 fecto
561 969 772 1031 delegavit
811 970 964 1025 Urbi33
1006 980 1051 1014 at
1094 969 1424 1031 provincialium
1470 968 1767 1013 consularibus

410 1049 532 1104 viris,
560 1066 667 1109 quos
692 1048 883 1110 singulos
911 1050 1121 1110 cujusque
1147 1051 1378 1111 provinciae
1395 1049 1576 1108 negotiis
1596 1065 1767 1109 praepo-

411 1128 574 1172 suissei.

471 1209 677 1252 XXXIV.
715 1210 852 1269 Leges
888 1208 1163 1263 retractavit,
1195 1219 1237 1252 et
1275 1208 1485 1269 quasdam
1511 1225 1562 1253 ex
1600 1209 1770 1269 integro

410 1288 548 1330 sanxit
562 1321 573 1342 ,
595 1297 643 1331 ut
660 1289 995 1348 sumptuariam,
1019 1288 1071 1331 de
1091 1287 1316 1331 adulteriis
1336 1298 1378 1331 et
1397 1287 1449 1332 de
1472 1287 1696 1348 pudicitia,
1715 1288 1767 1332 de

409 1367 596 1421 ambitu,
626 1367 678 1410 de
700 1367 951 1410 maritandis
974 1367 1212 1410 ordinibus.
1240 1370 1363 1410 Hanc
1384 1384 1520 1428 quum
1547 1367 1770 1428 aliquanto

410 1446 597 1488 severius
622 1462 752 1506 quam
784 1456 946 1489 ceteras
981 1445 1268 1501 emendasset,
1300 1463 1388 1506 prae
1420 1446 1612 1491 tumultu
1643 1464 1768 1491 recu·

410 1525 596 1568 santium
625 1525 812 1585 perferre
835 1542 922 1569 non
948 1526 1110 1585 potuit,
1135 1526 1216 1568 nisi
1244 1524 1446 1586 adempta
1473 1526 1646 1569 demum
1669 1526 1771 1570 leni-

413 1613 504 1647 tave
518 1613 639 1664 parte
664 1620 904 1664 poenarum,
925 1615 967 1648 et
981 1606 1202 1648 vacatione
1216 1605 1393 1648 triennii
1408 1605 1527 1662 data,
1543 1607 1770 1666 auctisque

409 1684 608 1744 praemiis.
624 1685 692 1727 Sic
711 1700 884 1743 quoquc
908 1683 1189 1728 abolitionem
1214 1685 1306 1744 ejus
1329 1683 1503 1744 publico
1522 1685 1770 1745 spectaculo

409 1765 685 1824 pertinaciter
710 1763 958 1823 postulante
992 1765 1163 1824 equite,
1193 1765 1354 1807 accitos
1387 1765 1638 1809 Germanici
1664 1764 1772 1809 libe-

408 1860 499 1899 ros,
524 1854 804 1904 receptosque
826 1844 983 1904 partim
1000 1844 1054 1887 ad
1074 1860 1137 1898 se,
1152 1844 1312 1904 partim
1327 1845 1370 1886 in
1388 1844 1521 1904 patris
1539 1845 1768 1904 gremium,

408 1924 660 1979 ostentavit3
688 1941 819 1967 manu
858 1922 1067 1983 vultuque
1103 1923 1372 1983 significans,
1400 1939 1453 1966 ne
1483 1933 1768 1983 gravarentur

407 2004 565 2046 imitari
579 2004 749 2063 juvenis
773 2002 1028 2062 exemplum.
1047 2003 1284 2061 Quumque
1303 2002 1432 2044 etiam
1457 2003 1768 2047 immaturitate

408 2098 689 2141 sponsarum,
719 2093 762 2125 et
795 2082 1173 2124 matrimoniorum
1200 2081 1351 2124 crebra
1379 2082 1647 2137 mutatione,
1678 2082 1767 2125 vim

407 2161 510 2222 legis
534 2162 648 2205 eludi
668 2163 867 2216 sentiret,
895 2171 1066 2221 tempus
1090 2177 1268 2222 sponsas
1287 2161 1474 2205 habendi
1505 2164 1739 2207 coarctavit
1757 2198 1768 2218 ,

408 2240 601 2284 divortiis
632 2240 808 2284 modum
824 2241 1042 2300 imposuit.

469 2323 649 2365 XXXV.
684 2322 941 2364 Senatorum
968 2321 1217 2365 affluentem
1246 2338 1477 2366 numerum
1514 2322 1695 2366 deformi
1726 2332 1768 2365 et

407 2400 630 2443 incondita
656 2400 783 2443 turba
804 2400 954 2461 (erant
977 2401 1093 2443 enim
1117 2418 1247 2460 super
1276 2400 1413 2458 mille,
1439 2411 1482 2445 et
1506 2402 1682 2462 quidam
1702 2402 1767 2444 in-

407 2480 669 2540 dignissimi,
699 2490 741 2523 et
768 2489 863 2539 post
891 2497 1041 2524 necem
1065 2480 1243 2524 Caesaris
1270 2497 1346 2539 per
1379 2481 1562 2540 gratiam
1586 2490 1628 2523 et
1656 2497 1766 2541 prae-

409 2561 542 2602 mium
567 2558 727 2616 allecti,
748 2576 855 2619 quos
880 2560 1066 2602 Orcinos
1090 2557 1245 2617 vulgus
1271 2560 1488 2617 vocabat),
1513 2558 1565 2602 ad
1590 2559 1765 2602 modum

413 2638 639 2692 pristinum
682 2647 721 2681 ct
761 2636 1034 2696 splendorem
1074 2637 1228 2694 redegit
1275 2638 1440 2681 duabus
1479 2637 1762 2682 lectionibus:
