1988 3407
739 240 1071 278 DOMITIANUS.
1564 243 1612 277 6⁹>

207 332 375 376 bonore
395 330 624 392 dignatus,
650 343 763 388 saepe
783 326 916 370 etiam
940 325 1105 386 carpsit
1125 324 1317 386 obliquis
1339 327 1617 371 orationibus

207 424 248 458 et
276 412 445 457 edictis.

273 497 351 540 III.
379 496 502 538 Inter
531 492 654 536 initia
692 490 996 552 principatus,
1033 488 1236 550 quotidie
1277 500 1496 534 secretum
1534 491 1616 534 sibi

208 579 422 622 horarum
447 589 622 619 sumere
651 571 839 628 solebat,
863 589 944 616 nec
974 572 1215 634 quicquam
1246 570 1457 633 amplius,
1484 589 1616 632 quam

209 676 380 704 muscas
407 667 608 721 captare,
634 673 684 700 ac
710 654 811 700 stilo
833 664 1058 718 praeacuto
1083 653 1305 717 configere
1329 671 1337 699 :
1367 663 1416 699 ut
1438 654 1616 698 cuidam

209 742 522 803 interroganti,
543 760 564 781 «
585 748 755 784 essetne
774 738 874 799 quis
897 738 1017 782 intus
1043 754 1144 782 cum
1173 739 1364 791 Caesare,
1386 756 1406 778 >³
1436 753 1525 780 non
1549 736 1622 780 ab·

209 823 341 868 surde
372 838 633 884 responsum
667 821 723 865 sit
764 837 789 865 a
825 821 961 865 Vibio
990 821 1148 882 Crispo
1178 837 1186 863 :
1220 840 1241 861 α
1266 837 1318 864 ne
1348 836 1501 863 musca
1526 820 1621 880 qui-

209 906 324 950 dem.
346 924 368 946 »
410 903 583 949 Deinde
613 920 796 948 uxorem
827 903 1100 959 Domitiam,
1135 918 1187 946 ex
1222 919 1312 964 qua
1348 902 1393 946 in
1425 900 1621 946 secundo

210 1003 290 1031 suo
316 984 549 1031 consulatu
575 984 718 1029 filium
745 983 932 1040 tulerat,
963 983 1192 1045 alteroque
1217 1000 1335 1028 anno
1369 982 1622 1028 consaluta-

211 1077 336 1112 verat
352 1078 402 1112 ut
421 1070 666 1129 Augustam
679 1101 690 1123 ,
705 1065 926 1123 eamdem,
952 1066 1123 1110 Paridis
1138 1066 1368 1111 histrionis
1381 1083 1532 1110 amore
1548 1065 1623 1110 de-

209 1148 455 1211 perditam,
484 1148 756 1210 repudiavit3
786 1149 991 1209 intraque
1016 1148 1149 1191 breve
1174 1157 1349 1209 tempus
1385 1148 1622 1210 impatiens

210 1229 408 1285 discidii,
429 1230 552 1291 quasi
588 1228 861 1291 efflagitante
895 1227 1060 1290 populo
1077 1265 1088 1285 ,
1110 1229 1301 1273 reduxit.
1338 1230 1466 1274 Circa
1489 1228 1624 1273 admi·

212 1313 520 1356 nistrationem
541 1321 688 1355 autem
710 1311 883 1372 imperii
900 1309 1171 1371 aliquamdiu
1195 1327 1240 1355 se
1263 1311 1435 1355 varium
1460 1311 1621 1372 praesti-

212 1394 289 1448 tit,
322 1394 604 1454 mixturaque
640 1391 844 1453 aequabili
870 1393 1078 1436 vitiorum
1105 1402 1237 1453 atque
1262 1393 1477 1436 virtutum
1509 1410 1517 1436 :
1543 1392 1620 1436 do-

212 1491 294 1518 nec
322 1476 506 1518 virtutes
536 1490 714 1534 quoque
748 1475 793 1517 in
826 1474 934 1517 vitia
970 1472 1147 1517 deflexit
1177 1490 1185 1516 :
1215 1483 1433 1534 quantum
1472 1473 1622 1533 conje-

216 1566 338 1600 ctare
359 1554 483 1611 licet,
517 1571 651 1616 super
683 1554 848 1616 ingenii
871 1564 1099 1610 naturam,
1131 1555 1279 1616 inopia
1308 1571 1469 1617 rapax,
1503 1565 1623 1599 metu

214 1650 367 1683 s'aevus.

278 1722 355 1764 IV.
385 1718 648 1782 Spectacula
674 1719 848 1764 assidue
872 1720 1108 1782 magnifica
1133 1729 1176 1764 et
1201 1729 1432 1764 sumtuosa
1458 1719 1619 1776 edidit,

214 1817 304 1845 non
328 1801 373 1844 in
395 1801 740 1861 Amphitheatro
758 1801 913 1856 modo,
937 1818 1091 1846 verum
1109 1811 1152 1846 et
1172 1803 1217 1846 in
1234 1802 1365 1847 Circo
1386 1819 1396 1846 ε
1420 1802 1494 1846 ubi
1518 1819 1625 1864 prae-

214 1892 281 1926 ter
299 1881 533 1926 sollemnes
552 1882 757 1944 bigarum
780 1882 1190 1944 quadrigarumque
1212 1899 1392 1939 cursus,
1415 1882 1620 1945 proelium

215 1965 347 2008 etiam
381 1962 572 2025 duplex,
610 1974 816 2025 equestre
856 1980 906 2008 ac
944 1964 1172 2026 pedestre,
1208 1965 1429 2009 commisit
1459 1982 1468 2008 :
1499 1974 1542 2008 at
1581 1965 1623 2007 in

214 2045 554 2107 Amphitheatro
595 2044 750 2089 navale
786 2062 978 2107 quoque.
1012 2047 1127 2090 Nam
1170 2047 1428 2090 venationes
1457 2045 1620 2107 gladia-

215 2138 444 2188 toi-esque,
466 2137 506 2171 et
528 2127 733 2172 noctibus
755 2126 809 2170 ad
829 2126 1102 2188 lychnuchos
1129 2145 1137 2172 :
1162 2144 1243 2171 nec
1265 2127 1464 2171 virorum
1488 2127 1622 2171 modo

216 2226 410 2271 pugnas,
435 2209 508 2254 sed
530 2219 573 2254 et
594 2209 875 2254 feminarum.
904 2212 1121 2254 Praeterea
1148 2211 1397 2272 quaestoriis
1423 2211 1620 2255 muneri·

215 2289 318 2345 bus,
345 2308 443 2351 quae
469 2289 573 2335 olim
599 2292 759 2336 omissa
785 2302 1090 2347 revocaverat,
1115 2293 1173 2336 ita
1203 2308 1375 2354 semper
1402 2292 1624 2346 interfuit,

217 2381 262 2415 ut
289 2370 456 2433 populo
485 2382 747 2433 potestatem
778 2372 938 2417 faceret
968 2373 1071 2417 bina
1097 2375 1219 2434 paria
1243 2391 1266 2417 e
1296 2390 1375 2418 suo
1407 2372 1513 2417 ludo
1543 2390 1618 2435 po-

215 2451 434 2508 stulandi,
476 2470 614 2514 eaque
659 2455 896 2498 novissima
933 2453 1077 2499 aulico
1116 2465 1332 2516 apparatu
1377 2455 1620 2499 induceret.

217 2536 281 2578 Ac
321 2550 397 2595 per
433 2551 563 2578 omne
603 2534 898 2596 gladiatorum
927 2535 1232 2597 spectaculum
1271 2546 1374 2580 ante
1412 2535 1545 2597 pedes
1584 2537 1620 2578 ei

216 2615 358 2659 stabat
382 2614 591 2676 puerulus
614 2617 895 2672 coccinatus,
920 2635 1057 2679 parvo
1084 2627 1432 2679 portentosoque
1457 2617 1624 2678 capite,

216 2712 318 2739 cum
339 2713 428 2756 quo
453 2696 695 2757 plurimum
722 2697 1017 2755 fabulabatur,
1040 2716 1366 2760 nonnunquam
1389 2700 1518 2743 serio.
1538 2702 1626 2743 An-
