1971 3342
408 240 479 273 268
941 236 978 270 C.
1005 236 1235 271 SUETONII

407 321 627 365 salutatus.
660 322 717 363 Ut
771 320 824 363 ad
874 317 1184 379 deverticulum
1236 327 1409 361 ventum
1460 327 1545 373 est,
1583 318 1761 362 dimissis

404 402 525 462 equis
557 402 666 444 inter
696 399 894 443 fruticeta
920 416 967 442 ac
999 415 1168 459 vepres,
1195 415 1270 459 per
1295 397 1541 441 arundineti
1565 398 1761 441 semitam

405 498 537 542 aegre,
575 497 652 524 nec
693 481 773 524 nisi
812 489 944 523 strata
980 478 1058 522 sub
1088 478 1270 539 pedibus
1304 489 1446 532 veste,
1479 478 1530 521 ad
1567 493 1763 521 aversum

407 560 516 605 villae
549 562 756 621 parietem
785 560 930 603 evasit.
960 559 1025 602 Ibi
1052 559 1254 602 hortante
1285 558 1433 602 eodem
1467 558 1690 614 Phaonte,
1716 568 1765 601 ut

408 643 579 685 interim
614 642 657 684 in
689 656 865 701 specum
897 648 1053 700 egestae
1082 655 1219 682 arenae
1254 638 1534 693 concederet,
1571 638 1765 700 negavit,

406 742 424 762 «
443 739 487 766 se
514 722 660 765 vivum
682 720 762 764 sub
790 730 948 764 terram
976 720 1139 762 iturum
1167 736 1215 762 ε»
1236 735 1285 762 ac
1311 735 1546 780 parumper
1579 734 1764 762 commo-

407 813 550 859 ratus,
577 802 681 846 dum
710 801 1002 846 clandestinus
1028 799 1081 843 ad
1110 798 1256 843 villam
1281 801 1482 844 introitus
1516 809 1765 860 pararetur,

406 899 564 942 aquam
604 899 654 925 ex
695 881 886 942 subjecta
925 880 1076 924 lacuna
1116 890 1298 941 poturus
1336 897 1467 923 manu
1507 880 1767 935 l1ausit;et‚

407 965 542 1006 «Haec
570 971 688 1017 est,»
716 962 875 1021 inquit,
905 981 925 1001 t<
943 960 1128 1005 Neronis
1161 960 1349 1003 decocta.
1374 979 1394 999 »
1429 959 1564 1014 Dein,
1601 957 1767 1002 divulsa

409 1044 602 1087 sentibus
649 1041 837 1104 paenula,
877 1041 1079 1101 trajectos
1116 1039 1311 1084 surculos
1347 1041 1451 1083 rasit
1491 1056 1499 1082 :
1537 1049 1667 1099 atque
1710 1040 1768 1082 ita

407 1123 655 1184 quadrupes
690 1139 768 1182 per
800 1123 1019 1182 angustias
1058 1120 1222 1163 effossae
1254 1136 1444 1163 cavernae
1484 1129 1680 1179 receptus
1725 1121 1767 1162 in

410 1205 652 1265 proximam
678 1201 849 1259 cellam,
884 1201 1089 1245 decubuit
1119 1216 1248 1261 super
1276 1200 1460 1253 lectum,
1485 1199 1655 1244 modica
1680 1199 1769 1244 cnl-

407 1286 516 1339 eita,
546 1293 689 1327 vetere
723 1282 853 1343 pallio
888 1292 1022 1326 strato
1050 1283 1321 1325 instructum.
1346 1283 1562 1340 Fameque
1597 1281 1768 1324 interim

406 1374 450 1408 et
478 1365 546 1408 siti
582 1361 907 1423 interpellante,
935 1378 1088 1422 panem
1120 1360 1294 1421 quidem
1321 1360 1542 1404 sordidum
1575 1360 1769 1404 oblatum

408 1454 661 1506 aspernatus
682 1453 745 1487 est
761 1478 772 1499 ,
797 1459 918 1503 aquae
942 1452 1086 1485 autem
1109 1440 1262 1502 tepidae
1283 1440 1552 1501 aliquantum
1581 1441 1703 1484 bibit.

472 1527 633 1568 XLIX.
658 1526 782 1567 Tunc
803 1538 1066 1582 unoquoque
1091 1522 1191 1565 hinc
1221 1520 1318 1564 inde
1342 1521 1546 1575 instante,
1573 1531 1619 1564 ut
1640 1537 1769 1581 qnam

410 1607 599 1666 primum
621 1620 665 1647 se
690 1602 1039 1663 impendentibus
1063 1600 1331 1645 contumeliis
1351 1602 1552 1661 eriperet,
1574 1601 1770 1645 scrobem

409 1702 556 1730 coram
583 1684 671 1728 fieri
700 1684 948 1744 imperavit,
976 1681 1193 1724 dimensus
1224 1681 1276 1724 ad
1303 1682 1497 1741 corporis
1521 1684 1586 1724 sui
1617 1681 1771 1724 modu-

411 1765 497 1808 lum
517 1782 526 1808 ε
545 1764 834 1824 componique
857 1760 1007 1818 simul,
1023 1762 1055 1804 si
1075 1777 1158 1820 qua
1178 1760 1489 1815 invenirentur,
1505 1760 1640 1803 frusta
1660 1777 1771 1804 mar-

412 1846 565 1901 moris,
590 1855 632 1888 et
656 1859 812 1902 aquam
847 1840 972 1885 simul
999 1858 1048 1885 ac
1074 1840 1188 1901 ligna
1212 1840 1424 1894 conferri,
1453 1839 1645 1884 curando
1673 1857 1771 1884 mox

410 1925 629 1980 cadaveri,
655 1924 760 1967 ssens
789 1921 842 1966 ad
874 1921 1071 1982 singula,
1098 1930 1228 1980 atque
1258 1920 1490 1964 identidem
1530 1920 1732 1963 dictitans
1764 1939 1771 1963 ε

413 2004 607 2063 «Qualis
633 2003 787 2048 artifex
811 2000 964 2063 pereo!
985 2022 1004 2043 »
1031 2004 1150 2044 luter
1174 2016 1316 2042 moras
1335 1998 1522 2059 perlatos
1546 2016 1569 2042 a
1598 2017 1773 2044 cursore

412 2086 617 2129 Phaontis
641 2081 862 2127 codicillos
882 2080 1125 2141 praeripuit,
1152 2078 1357 2139 legitque,
1384 2098 1404 2119 «·
1419 2095 1462 2122 se
1482 2080 1648 2123 hostem
1668 2096 1691 2123 a
1711 2096 1774 2124 se-

413 2175 515 2208 natu
530 2164 772 2224 judicatum
785 2197 796 2218 ,
819 2171 862 2205 et
880 2160 1033 2221 quaeri,
1058 2170 1106 2203 ut
1124 2160 1330 2220 puniatur
1347 2175 1467 2202 more
1495 2160 1709 2219 majorum
1728 2177 1736 2203 :
1753 2180 1772 2201 »

413 2245 805 2305 interrogavitque,
834 2240 961 2301 quale
988 2240 1029 2283 id
1061 2256 1197 2301 genus
1228 2249 1336 2283 esset
1374 2256 1522 2300 poenae.
1551 2242 1608 2283 Et
1638 2256 1772 2300 quum

412 2325 714 2386 comperisset,
731 2321 835 2366 nudi
857 2321 1044 2365 hominis
1061 2321 1267 2364 cervicem
1295 2319 1423 2363 inseri
1446 2319 1596 2375 furcae,
1617 2336 1774 2380 corpus

413 2406 543 2465 virgis
566 2403 619 2447 ad
646 2419 795 2446 necem
817 2401 947 2452 caedi;
972 2401 1253 2453 conterritus,
1276 2399 1384 2443 duos
1408 2400 1639 2460 pugiones,
1665 2415 1775 2459 quos

415 2502 557 2528 seeum
598 2482 831 2539 extulerat,
869 2481 1074 2540 arripuit,
1111 2489 1359 2540 tentataque
1396 2480 1622 2540 utriusque
1658 2480 1773 2532 acie,

416 2582 563 2609 rursus
590 2563 808 2618 condidit,
837 2571 1055 2615 causatus,
1077 2579 1096 2599 «
1118 2560 1310 2603 nondum
1331 2559 1478 2604 adesse
1497 2559 1665 2603 fatalem
1696 2559 1773 2603 ho—

418 2662 520 2687 rzun.
545 2665 563 2685 »
598 2647 657 2688 Ae
688 2644 816 2687 niodo
839 2643 1035 2702 'Sporum
1076 2641 1344 2700 hortabatur,
1378 2650 1423 2683 nt
1457 2639 1684 2684 lamentari
1725 2658 1774 2684 ae
