1988 3439
828 277 973 312 NERO.
1511 299 1578 332 ἰς-ι

214 367 329 411 scut,
358 359 400 401 in
432 358 622 402 medium
647 358 846 402 manibus
867 361 954 404 suis
981 364 1255 422 protrahens.
1283 370 1583 419 Destinaverat

211 438 341 482 etiam
356 473 367 494 ,
392 442 494 499 quia
519 437 764 500 Apollinem
785 450 915 485 cantu
930 476 940 496 ,
963 442 1107 488 Solem
1126 447 1367 508 aurigando
1396 455 1584 515 {equipa-

212 535 308 563 rare
344 521 676 575 existimaretur,
709 520 870 564 imitari
905 532 946 566 et
975 525 1173 570 Herculis
1208 527 1344 585 faeta3
1368 547 1583 593 praepara—

210 608 390 660 tumque
414 598 581 644 leonem
605 600 728 644 aiunt
744 635 756 655 ,
781 617 911 662 quem
942 603 1007 648 vel
1043 604 1186 663 clava,
1211 608 1278 652 vel
1302 609 1579 658 brachiorum

208 681 410 737 nexibus,
436 681 480 724 in
505 681 826 742 Amphitheatri
851 700 1007 743 arena,
1035 698 1258 748 spectante
1285 691 1449 753 populo
1465 729 1476 748 ,
1503 711 1582 739 nu-

204 759 286 805 dus
307 760 497 806 elideret.

270 843 386 886 LIV.
418 843 508 886 Sub
536 845 654 888 exitu
688 845 864 906 quidem
902 849 999 892 vitae
1030 850 1172 910 palam
1202 863 1402 910 voverat,
1432 856 1466 898 si
1498 856 1579 900 sibi

207 921 436 967 incolumis
466 933 602 968 status
635 928 962 986 permansisset,
983 930 1261 991 proditurum
1290 951 1334 978 se
1362 945 1495 995 partae
1519 938 1581 980 vi·

205 1002 352 1046 etoriae
378 1002 490 1048 ludis
514 1006 645 1050 etiam
664 1007 948 1068 hydraulam,
975 1020 1018 1054 et
1045 1012 1323 1070 choraulam,
1353 1025 1397 1059 et
1421 1018 1580 1061 utricu-

201 1080 385 1139 larium,
422 1100 471 1128 ac
511 1086 746 1131 novissimo
785 1088 856 1132 die
905 1090 1190 1146 histrionem,
1234 1094 1579 1158 saltaturumque

202 1161 375 1223 Virgilii
395 1166 608 1210 Turnum.
630 1169 685 1210 Et
709 1178 837 1223 sunt,
859 1171 932 1230 qui
964 1171 1159 1228 tradant,
1180 1175 1380 1220 Paridem
1405 1177 1578 1222 histrio—

201 1258 300 1286 nem
330 1245 519 1289 occisum
546 1246 600 1290 ab
621 1263 693 1301 eo,
723 1251 845 1308 quasi
869 1268 1046 1311 gravem
1072 1253 1380 1300 adversarium.

265 1326 357 1369 LV.
395 1328 500 1370 Erat
532 1326 593 1370 illi
624 1331 880 1374 aeternitatis
905 1343 1213 1395 perpetuaeque
1238 1336 1362 1381 famae
1387 1339 1546 1399 cupido
1563 1377 1574 1395 ‚

201 1403 273 1448 sed
302 1406 576 1463 inconsulta3
602 1407 784 1469 ideoque
806 1410 951 1454 multis
975 1414 1104 1457 rebus
1128 1431 1176 1458 ac
1205 1415 1309 1460 locis
1333 1428 1476 1463 vetere
1495 1437 1574 1481 ap-

198 1484 431 1546 pellatione
450 1486 667 1544 detracta,
693 1506 849 1533 novam
878 1491 1045 1536 induxit
1065 1510 1115 1538 ex
1138 1512 1216 1539 suo
1239 1500 1426 1542 nomine.
1450 1502 1575 1544 Men-

134 1600 139 1605 .
196 1581 286 1609 sem
312 1583 488 1627 quoque
510 1567 691 1628 aprilem
713 1571 965 1615 Neroneum
989 1573 1236 1634 appellavit.
1265 1579 1573 1627 Destinaverat

195 1655 238 1689 et
261 1647 443 1690 Romam
469 1648 714 1710 Neropolin
740 1667 1006 1713 nuncupare.

260 1728 376 1771 LVI.
422 1727 701 1790 Religionum
752 1748 1062 1794 usquequaque
1105 1747 1367 1796 contemtor,
1417 1753 1571 1802 praeter

197 1808 326 1850 unius
355 1807 445 1851 deae
475 1810 621 1869 Syriae.
652 1813 775 1855 Hanc
807 1829 909 1856 mox
938 1815 996 1858 ita
1022 1818 1213 1876 sprevit,
1240 1829 1287 1863 ut
1315 1822 1440 1866 urina
1466 1840 1570 1869 eon-

198 1888 455 1944 taminaret3
487 1889 569 1933 alia
602 1894 906 1952 superstitIOne
933 1907 1105 1957 captus,
1135 1899 1177 1942 in
1204 1917 1290 1959 qua
1316 1901 1407 1946 sola
1437 1907 1567 1964 perti-

193 1969 420 2012 nacissime
457 1970 591 2014 haesit.
625 1973 848 2032 Siquidem
889 1976 1134 2021 iruneulam
1165 1979 1400 2039 puellarem
1432 2001 1566 2043 quum

193 2050 314 2108 quasi
341 2049 581 2095 remedium
610 2052 865 2098 insidiarum
888 2072 910 2098 a
933 2055 1102 2116 plebeio
1125 2060 1313 2118 quodam
1340 2072 1380 2105 et
1415 2064 1565 2124 ignoto

195 2130 362 2173 muneri
396 2132 653 2191 accepisset,
682 2132 849 2178 detecta
875 2136 1100 2181 confestim
1133 2141 1456 2200 conjuratione,
1487 2162 1566 2205 pro

193 2225 364 2253 summo
394 2212 597 2268 numine,
620 2214 832 2275 trinisque
863 2217 906 2260 in
931 2217 999 2261 die
1025 2219 1272 2278 sacrificiis,
1301 2222 1442 2268 colere
1468 2243 1565 2286 per-

192 2291 402 2334 severavit
426 2308 435 2334 :
462 2291 721 2354 volebatque
745 2295 860 2339 credi
886 2299 1126 2343 monitione
1162 2302 1255 2361 ejus
1287 2303 1433 2348 futura
1460 2324 1565 2367 prae-

190 2387 381 2414 noscere.
406 2373 515 2416 Ante
537 2389 718 2433 paucos,
743 2392 871 2435 quam
898 2379 1080 2437 periret,
1102 2397 1289 2433 menses,
1317 2385 1501 2430 attendit
1523 2397 1565 2430 et

189 2453 435 2513 extispicio,
461 2470 538 2498 nec
561 2471 751 2516 unquam
774 2457 927 2502 litavit.

252 2533 388 2577 LVII.
426 2534 549 2578 Obiit
582 2537 773 2580 seeundo
804 2549 846 2582 et
882 2542 1098 2585 tricesimo
1130 2547 1264 2587 zelatis
1296 2564 1438 2601 anno,
1470 2548 1560 2604 (lie,

189 2629 276 2671 quo
310 2608 531 2673 quondam
566 2619 794 2661 Octaviam
822 2621 1129 2677 interemerat,
1163 2635 1419 2686 tantumque
1453 2645 1556 2687 gau-

186 2690 303 2736 dium
326 2693 496 2754 publice
520 2696 701 2755 pras-buit
719 2733 729 2751 ,
749 2709 793 2742 ul
815 2699 933 2760 plebs
959 2703 1114 2763 pileata
1144 2715 1231 2749 tota
1258 2708 1378 2752 Urbe
1394 2708 1558 2753 ‹liseur-
