1971 3342
462 233 533 268 918
998 235 1035 269 C.
1067 235 1296 270 SUETONII

460 317 650 373 dotibus,
672 317 884 360 neminem
903 318 984 360 nisi
1004 318 1175 378 juratus
1200 317 1465 371 nominavit3
1491 311 1817 378 obsei·Vavitque

460 396 632 453 scdulo,
661 407 708 440 ut
734 397 904 457 quoties
935 407 1048 440 terra
1075 397 1118 441 in
1144 398 1262 441 Urbe
1291 397 1510 454 movisset,
1538 396 1662 440 ferias
1687 396 1820 441 advo-

461 486 556 520 cata
579 478 785 521 concione
808 486 970 537 praetor
987 476 1220 534 indiceret3
1244 487 1401 537 utque,
1425 477 1518 520 dira
1542 477 1608 520 avi
1634 478 1677 520 in
1700 477 1822 521 Urbe

459 567 535 600 aut
573 558 615 600 in
651 555 870 617 Capitolio
908 557 1022 611 visa,
1055 557 1297 601 obsecratio
1335 557 1598 613 haberetur,
1637 573 1819 616 eamque

461 639 549 697 ipse
572 638 670 697 jure
691 637 867 680 maximi
895 635 1129 696 pontificis,
1155 637 1422 680 commonito
1444 653 1524 697 pro
1546 637 1714 681 Rostris
1745 653 1822 696 po-

462 716 582 776 pulo,
620 717 810 776 praeiret,
849 725 1150 776 summotaque
1179 718 1478 777 operariorum
1511 732 1825 776 servorumque

461 796 598 839 turba.

523 878 686 920 XXIII.
731 879 898 921 Rerum
937 887 1108 933 actum,
1149 877 1335 921 divisum
1370 886 1493 921 antea
1534 878 1577 920 in
1622 877 1825 920 hibernos

458 957 712 1016 aestivosque
743 974 933 1014 menses,
972 958 1210 1018 conjunxit.
1245 957 1597 1001 Jurisdictionem
1634 958 1687 1000 de
1724 957 1824 1000 fidei

459 1038 715 1093 commissis,
753 1038 988 1096 quotannis
1017 1048 1059 1081 et
1090 1047 1260 1081 tantum
1290 1039 1333 1080 in
1367 1038 1485 1080 Urbe
1513 1036 1701 1098 delegari
1732 1054 1822 1080 ma-

458 1116 709 1175 gistratibus
735 1116 926 1172 solitam,
956 1118 999 1160 in
1026 1128 1284 1177 perpetuum
1307 1126 1436 1176 atque
1465 1117 1593 1160 etiam
1622 1132 1697 1176 per
1721 1133 1821 1176 pro-

459 1196 619 1239 vincias
652 1197 937 1257 potestatibus
959 1196 1251 1240 demandavit.
1282 1197 1427 1256 Capiti
1457 1197 1599 1256 Papiae
1626 1199 1823 1256 Poppaeae

458 1274 584 1336 legis,
610 1292 633 1319 a
650 1276 825 1319 Tiberio
849 1278 1038 1332 Caesare,
1068 1277 1191 1336 quasi
1215 1276 1480 1337 sexagenarii
1508 1292 1714 1337 generare
1736 1292 1823 1318 non

458 1365 652 1415 possent,
681 1355 850 1413 addito,
875 1357 1117 1418 obrogavit..
1139 1357 1312 1412 Sanxit,
1340 1366 1387 1399 ut
1413 1355 1589 1418 pupillis
1610 1365 1730 1399 extra
1755 1373 1823 1399 or-

457 1434 601 1478 dinem
624 1445 789 1480 tutores
819 1453 843 1479 a
874 1435 1126 1480 consulibus
1151 1437 1375 1490 darentur,
1408 1446 1540 1496 utque
1565 1436 1633 1492 hi,
1661 1436 1819 1495 quibus

457 1532 481 1558 a
506 1516 825 1576 magistratibus
852 1518 1086 1577 provinciae
1104 1516 1486 1572 interdicerentur,
1506 1515 1628 1559 Urbe
1648 1531 1825 1575 quoque

458 1606 497 1638 et
536 1595 661 1639 Italia
694 1607 1086 1641 summoverentur.
1120 1599 1217 1657 Ipse
1242 1595 1452 1656 quosdam
1482 1612 1597 1639 novo
1624 1594 1823 1655 exemplo

458 1674 689 1736 relegavit,
728 1686 774 1719 ut
804 1676 917 1720 ultra
953 1675 1141 1736 lapidem
1177 1677 1353 1720 tertium
1387 1685 1551 1719 vetaret
1588 1674 1735 1735 egredi
1770 1676 1827 1718 ab

458 1755 590 1798 Urbe.
616 1758 683 1799 Dc
708 1757 869 1815 majore
890 1757 1065 1818 negotio
1086 1767 1260 1800 aeturus
1284 1757 1328 1799 in
1350 1758 1502 1813 Curia,
1527 1755 1693 1799 medius
1715 1756 1828 1799 inter

457 1834 683 1878 consulum
714 1834 859 1892 sellas,
890 1837 1124 1880 tribunicio
1153 1835 1357 1880 subsellio
1384 1836 1571 1880 sedebat.
1595 1837 1828 1879 Commea-

460 1925 546 1971 tus,
572 1932 595 1958 a
618 1925 767 1959 senatu
797 1916 883 1976 peti
906 1915 1077 1971 solitos,
1102 1916 1300 1960 beneficii
1324 1917 1389 1960 sui
1417 1916 1530 1959 feeit.

520 1998 684 2040 XXIV.
716 2000 983 2041 Ornamenta
1024 1996 1267 2040 consularia
1302 1997 1430 2039 etiam
1464 1995 1822 2056 procuratoribus

457 2076 699 2119 ducenariis
737 2076 929 2119 indulsit.
975 2076 1248 2120 Senatoriam
1285 2076 1541 2137 dignitatem
1581 2076 1821 2119 recusanti-

457 2155 557 2211 bus,
580 2164 824 2214 equestrem
848 2173 1024 2216 quoque
1045 2156 1219 2199 ademit.
1240 2159 1397 2199 Latum
1422 2155 1607 2212 clavum,
1623 2156 1824 2216 quamvis

459 2236 582 2278 initio
602 2235 879 2292 affirmasset,
907 2253 994 2280 non
1023 2236 1238 2280 lecturum
1263 2253 1306 2280 se
1325 2247 1591 2291 senatorem,
1616 2236 1696 2279 nisi
1717 2236 1825 2279 civis

459 2316 623 2359 romani
649 2316 929 2376 abnepotem,
949 2318 1076 2360 etiam
1104 2316 1293 2359 libertini
1319 2315 1408 2359 filio
1438 2315 1615 2373 tribuit3
1643 2315 1716 2360 sed
1740 2315 1819 2358 sub

457 2396 726 2451 conditione,
758 2397 791 2440 si
822 2397 942 2456 prius
969 2397 1023 2440 ab
1047 2397 1191 2457 equite
1221 2413 1404 2440 romano
1432 2395 1663 2457 adoptatus
1690 2405 1818 2439 esset.

460 2482 517 2521 Ae
545 2478 605 2520 sie
641 2494 814 2537 quoque
845 2478 1222 2538 reprehensionem
1256 2494 1434 2533 verens,
1473 2478 1602 2520 etiam
1630 2477 1816 2536 Appium

458 2562 628 2601 {laecum
657 2576 902 2615 censorem,
932 2559 1098 2619 generis
1127 2560 1190 2600 sui
1222 2567 1523 2618 proauctorem
1541 2592 1551 2611 ‚
1590 2557 1821 2600 libertino—

461 2655 551 2680 rum
583 2638 692 2682 {ilios
718 2641 757 2681 in
786 2649 979 2682 senatum
1000 2636 1194 2697 allegisse
1217 2637 1392 2688 dot-uit:
1420 2638 1594 2692 ignarus
1613 2672 1621 2684 ,
1652 2646 1818 2697 tempo-
