1971 3342
345 245 354 265 ι
374 235 384 272 ‘;
889 227 927 261 C.
954 227 1189 263 SUETONII

340 316 536 359 locorum
564 312 787 357 retardati.
815 309 1049 372 Jugulatus
1069 319 1133 354 est
1159 309 1211 354 ad
1234 309 1378 354 lacum
1406 311 1577 367 Curtii,
1600 327 1649 355 ac
1672 328 1734 355 rcn

340 396 469 441 lictus
497 396 554 439 ita
591 394 651 438 uti
690 403 802 449 erat,
833 392 972 436 donec
1007 392 1235 454 gregarius
1270 390 1421 449 miles,
1445 408 1469 436 a
1498 392 1735 437 frumenta-

339 479 459 522 tione
485 476 680 533 rediens,
708 475 881 536 abjecto
899 490 1033 518 onere
1055 483 1186 535 caput
1209 474 1247 517 ei
1273 474 1532 535 amputavit.
1554 476 1610 519 Et
1629 490 1739 534 quo-

339 559 459 603 niam
484 556 643 620 capillo
671 574 759 619 prae
790 554 964 600 calvitie
988 556 1183 616 arripere
1216 571 1306 599 non
1337 564 1540 616 poterat,
1565 555 1610 599 in
1641 571 1736 617 gre-

339 640 476 684 mium
497 637 667 683 abdidit
688 656 696 682 :
717 654 818 681 mox
836 671 847 693 ,
876 637 1041 681 inserto
1063 653 1143 697 per
1161 653 1208 681 os
1227 635 1385 698 pollice
1400 672 1411 692 ,
1433 635 1487 680 ad
1507 635 1733 681 Othonem

339 721 517 769 detulit.
548 719 628 765 Ille
659 719 757 764 lixis
790 717 1109 779 calonibusque
1139 717 1321 762 donavit
1348 736 1357 762 :
1384 719 1460 779 qui
1491 719 1615 762 hasta
1652 718 1739 762 suf-

340 804 504 860 fixum,
534 819 623 847 non
649 802 742 846 sine
779 799 973 845 ludibrio
1005 801 1171 844 circum
1206 810 1346 845 castra
1380 810 1643 862 portarunt,
1668 816 1739 844 ac-

340 885 582 930 clamantes
628 883 898 940 identidem,
935 902 955 923 «
982 881 1152 937 Galba,
1200 882 1359 943 cupide
1405 882 1565 927 fruaris
1607 892 1735 927 aetate

343 977 485 1025 tua;»
512 966 701 1010 maxime
739 964 901 1009 irritati
934 964 989 1008 ad
1026 962 1158 1008 talem
1186 965 1389 1025 jocorum
1421 962 1737 1025 petulantiam,

342 1047 463 1110 quod
492 1058 594 1092 ante
628 1063 790 1109 paucos
818 1046 907 1090 dies
935 1047 1102 1090 exierat
1131 1045 1174 1088 in
1205 1044 1391 1107 vulgus,
1418 1043 1618 1089 laudanti
1647 1046 1738 1090 cui-

342 1129 442 1174 dam
469 1128 658 1173 formam
682 1144 805 1172 suam
823 1162 833 1182 ,
860 1136 906 1170 ut
940 1126 1085 1170 adhuc
1114 1125 1316 1170 floridam
1344 1135 1638 1187 et‘vegetam‚
1668 1143 1735 1170 re-

340 1210 569 1273 spondisse
591 1225 715 1260 eum,
732 1204 790 1253 ἐ’τι
813 1226 890 1265 μοι
912 1202 1040 1264 μένος
1059 1202 1246 1265 {wa-3527
1265 1205 1387 1251 ἐστιν.
1413 1207 1482 1251 Ab
1500 1207 1568 1251 his
1590 1209 1738 1251 Patro-

337 1293 399 1337 bii
443 1291 690 1337 Neroniani
734 1290 915 1335 libertus
956 1299 1135 1334 centum
1184 1290 1328 1333 aureis
1375 1288 1644 1341 redemtum,
1685 1306 1737 1333 eo

338 1374 436 1419 loco
451 1409 462 1431 ,
480 1373 553 1418 ubi
578 1373 704 1434 jussu
724 1370 880 1417 Galbae
902 1370 1260 1415 animadversum
1285 1372 1328 1415 in
1350 1381 1586 1432 patronum
1607 1388 1737 1415 suum

338 1455 505 1511 fuerat,
533 1453 706 1515 abjecit.
733 1455 842 1497 Sero
861 1452 1039 1498 tandem
1068 1452 1346 1514 dispensator
1371 1453 1530 1513 Argius
1547 1487 1559 1507 ‚
1586 1462 1629 1496 et
1653 1451 1737 1496 hoc

338 1546 381 1580 et
409 1546 607 1580 ceterum
633 1545 842 1579 truncum
870 1535 913 1577 in
938 1534 1124 1595 privatis
1151 1534 1244 1594 ejus
1270 1533 1413 1577 hortis
1438 1532 1628 1578 Aureliae
1657 1534 1736 1577 viae

339 1615 573 1679 sepulturae
600 1615 734 1660 dedit.

403 1700 525 1744 XXI.
561 1699 736 1742 Statura
766 1696 850 1742 fuit
871 1698 992 1758 justa
1010 1732 1021 1753 ,
1047 1698 1189 1758 capite
1217 1696 1434 1758 praecalvo
1451 1732 1462 1751 ,
1488 1695 1628 1740 oculis
1658 1713 1737 1740 cae-

340 1779 472 1824 ruleis
495 1815 506 1831 ,
553 1778 726 1823 adunco
772 1795 877 1823 naso
894 1814 905 1833 ,
943 1778 1147 1822 manibus
1190 1777 1465 1840 pedibusque
1515 1776 1736 1822 articulari

339 1861 495 1905 morbo
523 1859 863 1917 distortissimis,
894 1870 941 1903 ut
969 1877 1110 1920 neque
1137 1858 1334 1903 calceum
1363 1860 1561 1921 perpeti,
1595 1876 1739 1920 neque

343 1941 514 1986 libellos
537 1940 765 1998 evolvere,
788 1952 865 1986 aut
889 1951 1037 1986 tenere
1057 1942 1241 1985 omnino
1268 1939 1447 1985 valeret.
1472 1943 1739 1985 Excreverat

341 2025 473 2068 etiam
506 2024 551 2067 in
589 2022 837 2067 dexteriore
874 2023 1009 2067 latere
1048 2023 1140 2083 ejus
1175 2039 1303 2078 car0,
1339 2022 1740 2083 praependebatque

340 2104 475 2161 adeo,
506 2115 554 2148 ut
577 2121 691 2166 aegre
716 2103 847 2148 fascia
876 2104 1268 2165 substringeretur.

404 2185 548 2230 XXII.
579 2186 678 2230 Cibi
704 2184 886 2246 plurimi
915 2184 1122 2241 traditur,
1154 2202 1286 2246 quem
1319 2195 1520 2247 tempore
1551 2185 1738 2229 hiberno

340 2267 474 2310 etiam
503 2276 603 2310 ante
636 2265 781 2311 lucem
813 2283 972 2328 capere
1004 2276 1269 2311 consuerat:
1299 2267 1414 2311 inter
1443 2284 1612 2311 coenam
1636 2283 1739 2310 vero

342 2364 482 2408 usque
501 2364 552 2391 eo
571 2347 860 2404 abundantis,
888 2358 935 2392 ut
958 2358 1188 2410 congestas
1210 2364 1341 2409 super
1357 2364 1513 2392 manus
1531 2347 1738 2408 reliquias

340 2428 616 2473 circumferri
640 2429 835 2489 juberet,
858 2429 1095 2490 spargique
1122 2428 1177 2472 ad
1204 2428 1337 2490 pedes
1360 2428 1591 2473 stantibus.
1619 2427 1738 2472 Libi-

342 2509 455 2554 dinis
476 2511 519 2553 in
540 2526 680 2554 mares
701 2511 944 2571 pronioris,
967 2519 1007 2552 et
1029 2526 1123 2566 eos,
1144 2528 1233 2554 non
1261 2511 1340 2554 nisi
1367 2509 1590 2571 praeduros
1605 2544 1615 2564 ,
1637 2525 1738 2552 exo-

343 2590 554 2651 letosque.
601 2591 844 2647 Ferebant,
891 2592 934 2634 in
983 2591 1191 2651 Hispania
1236 2590 1402 2635 Icelum
1453 2607 1475 2634 e
1519 2589 1736 2633 veteribus

343 2672 629 2728 concubinis,
661 2672 713 2716 de
750 2673 938 2716 Neronis
974 2672 1092 2715 exitu
1135 2673 1442 2727 nunciantcm,
1481 2687 1568 2713 non
1603 2670 1735 2714 modo
