1988 3439
637 256 674 290 C.
706 255 875 290 JULIUS
906 256 1089 290 CAESAR.
1507 260 1551 291 33

178 335 300 380 duxit
324 354 541 398 unquam,
570 339 650 381 nisi
675 337 1003 399 perspeculatus
1030 337 1227 381 locorum
1256 341 1384 396 situs;
1414 357 1553 402 neque

179 417 220 459 in
256 418 523 461 Britanniam
559 419 823 474 transvexit,
858 419 939 461 nisi
975 428 1075 462 ante
1110 434 1187 479 per
1223 436 1266 462 se
1301 430 1480 480 portus,
1513 432 1554 465 et

178 498 523 558 navigationem,
556 507 599 541 et
631 514 848 541 accessum
881 497 935 542 ad
969 497 1152 542 insulam
1187 497 1464 559 explorasset.
1498 504 1555 545 At

179 575 319 633 idem,
347 578 592 621 obsessione
616 588 859 622 castrorum
889 580 934 622 in
961 580 1198 623 Germania
1226 580 1450 636 nuntiata,
1477 598 1553 641 per

177 657 382 701 stationes
409 657 600 701 hostium
635 657 791 719 gallico
826 658 978 702 habitu
1009 660 1253 720 penetravit
1285 658 1338 703 ad
1370 676 1483 703 suos.
1518 664 1551 704 A

179 736 408 780 Brundisio
453 738 745 799 Dyrrachium
791 739 903 782 inter
948 740 1170 800 oppositas
1216 738 1369 783 classes
1414 739 1553 783 hieme

178 818 437 874 transmisit,
465 819 820 879 cessantibusque
852 820 1010 880 copiis,
1038 836 1144 879 quas
1177 820 1381 880 subsequi
1407 820 1549 880 jusse-

174 906 264 951 rat,
293 914 427 958 quum
454 897 508 942 ad
538 899 813 944 arcessendas
840 899 1000 943 frustra
1028 916 1139 961 saepe
1166 901 1374 957 misisset,
1403 901 1550 944 novis-

173 978 278 1021 sime
299 978 388 1038 ipse
411 977 520 1022 clam
543 988 675 1023 noctu
696 978 930 1041 parvulum
952 981 1174 1041 navigium
1201 979 1317 1023 solus
1342 979 1552 1024 obvoluto

173 1058 314 1119 capite
346 1059 621 1115 conscendit3
655 1076 794 1120 neque
826 1070 923 1114 aut,
956 1062 1053 1120 quis
1079 1070 1211 1116 esset,
1242 1070 1341 1104 ante
1368 1060 1550 1117 detexit,

172 1148 247 1182 aut
273 1139 610 1200 gubernatorem
636 1140 786 1184 cedere
810 1141 998 1184 adversae
1023 1142 1267 1202 tempestati
1292 1158 1442 1201 passus
1462 1151 1548 1197 est,

174 1236 305 1279 quam
333 1237 454 1281 paene
482 1221 666 1264 obrutus
695 1221 911 1265 fluctibus.

237 1301 351 1344 LIX.
388 1302 454 1344 Nc
490 1299 695 1362 religione
729 1301 906 1362 quidem
944 1300 1031 1344 ulla
1065 1318 1088 1345 a
1121 1319 1340 1362 quoquam
1379 1303 1550 1362 incepto

172 1380 428 1423 absterritus
452 1396 644 1440 unquam
670 1379 735 1423 vel
762 1379 1006 1424 retardatus
1034 1391 1110 1425 est.
1134 1382 1284 1437 Quum
1311 1380 1548 1424 immolanti

172 1458 409 1521 aufugisset
445 1460 611 1516 hostia,
645 1459 959 1521 profectionem
988 1459 1194 1504 adversus
1230 1461 1478 1521 Scipionem
1511 1470 1552 1502 et

170 1540 326 1584 Jubam
360 1557 447 1584 non
481 1539 661 1584 distulit.
696 1538 931 1602 Prolapsus
958 1541 1089 1584 etiam
1123 1540 1165 1582 in
1198 1556 1371 1601 egressu
1405 1540 1549 1588 navis,

174 1636 296 1664 verso
329 1619 383 1664 ad
416 1619 570 1665 melius
606 1621 773 1678 omine,
806 1624 947 1665 Teneo
979 1630 1042 1675 te,
1076 1620 1241 1680 inquit,
1276 1621 1450 1678 Africa.
1485 1619 1550 1663 Ad

171 1698 406 1745 eludendas
426 1711 572 1745 autem
597 1702 948 1757 vaticinationes,
970 1700 1128 1762 quibus
1154 1699 1252 1744 felix
1273 1710 1315 1743 et
1340 1701 1548 1743 invictum

172 1781 214 1823 in
249 1797 296 1824 ea
332 1782 558 1842 provincia
592 1779 781 1825 fataliter
815 1782 1067 1842 Scipionum
1109 1797 1269 1824 nomen
1306 1780 1549 1835 ferebatur,

171 1860 542 1922 despectissimum
565 1862 782 1922 quendam
803 1879 853 1905 ex
879 1860 1186 1906 Corneliorum
1207 1877 1384 1922 genere,
1406 1861 1475 1904 cui
1497 1860 1548 1903 ad

169 1942 459 2002 opprobrium
496 1943 594 1985 vitze
630 1940 842 1986 Salutioni
880 1958 1123 2002 cognomen
1164 1951 1283 1996 erat,
1320 1942 1363 1984 in
1400 1942 1550 1985 castris

170 2037 315 2066 secum
341 2022 508 2066 habuit.

231 2103 325 2146 LX.
361 2102 518 2147 Proelia
552 2120 639 2147 non
673 2112 845 2147 tantum
877 2101 1117 2158 destinato,
1145 2101 1217 2145 sed
1245 2118 1294 2145 ex
1324 2103 1550 2146 occasione

172 2182 390 2238 sumebat;
418 2199 466 2226 ac
490 2200 601 2244 saepe
627 2184 680 2227 ab
704 2185 857 2227 itinere
882 2183 1049 2239 statim,
1079 2182 1297 2226 interdum
1321 2183 1548 2243 spurcissi-

175 2262 255 2305 niis
274 2263 618 2322 tempestatibus,
632 2279 767 2322 quum
792 2264 969 2306 minime
984 2264 1080 2323 quis
1094 2272 1316 2306 moturum
1336 2271 1547 2323 speraret:

174 2359 251 2386 nec
288 2343 365 2386 nisi
402 2352 597 2403 tempore
632 2351 824 2385 extremo
857 2343 910 2385 ad
944 2342 1240 2386 dimicandum
1276 2343 1551 2386 cunctantior

172 2422 311 2466 factus
339 2433 423 2477 est;
451 2439 537 2483 quo
565 2423 720 2483 saepius
752 2423 944 2478 vicisset,
977 2423 1060 2465 lioc
1092 2424 1235 2466 minus
1267 2421 1551 2482 experiendos

172 2520 296 2546 casus
335 2504 545 2564 opinans,
587 2501 780 2562 nihilque
816 2519 858 2545 sc
899 2511 1068 2545 tantum
1109 2503 1424 2561 acquisiturum
1461 2502 1550 2543 vic-

172 2584 310 2639 toria,
345 2592 560 2644 quantum
593 2582 763 2625 auferre
799 2581 1020 2625 calamitas
1058 2591 1214 2642 posset.
1251 2580 1436 2625 Nullum
1471 2597 1552 2623 un·-

173 2680 303 2724 quam
336 2664 506 2708 hostem
544 2662 678 2718 fudit,
713 2664 818 2722 quin
855 2664 1005 2706 castris
1037 2679 1211 2722 quoque
1241 2670 1415 2705 exueret
1450 2678 1459 2704 :
1496 2661 1553 2704 ita

365 2760 392 2787 1.
1308 2740 1334 2786 3
