1971 3342
404 264 477 299 260
939 264 974 298 C.
1007 264 1233 299 SUETONII

403 347 620 402 sularum,
647 345 798 390 domus
830 347 1070 406 priscorum
1096 346 1255 390 ducum
1286 355 1503 399 arserunt,
1537 346 1760 392 hostilibus

401 426 543 471 adhuc
567 425 714 488 spoliis
746 426 987 479 adornatae‚
1016 426 1281 487 deorumque
1306 426 1432 481 aedes,
1467 426 1522 469 ab
1561 428 1760 487 regibus,

400 523 449 551 ac
473 506 630 551 deinde
655 507 824 567 punicis
845 516 887 550 et
911 505 1075 566 gallicis
1096 505 1218 550 bellis
1244 516 1354 550 votae
1381 506 1695 567 dedicataeque‚
1718 518 1762 551 et

398 586 605 647 quicquid
645 586 872 631 visendum
916 596 1046 646 atque
1087 586 1366 631 memorabile
1410 603 1462 630 ex
1503 587 1761 647 antiquitate

399 667 643 712 duraverat.
682 670 777 710 Hoc
817 666 1067 711 incendium
1102 683 1125 711 e
1162 676 1281 711 turre
1315 668 1626 711 Maecenatiana
1656 683 1759 728 pro·

397 757 615 808 spectans,
647 746 857 807 laetusque
885 746 1166 801 «flammae‚»
1196 757 1244 791 ut
1282 747 1444 803 aiebat,
1480 745 1760 807 «pulchritu-

397 827 551 883 dine‚»
577 824 734 872 ἅλωσιν
759 825 827 870 Ilii
857 827 902 870 in
926 825 1001 870 illo
1026 842 1106 871 suo
1131 827 1302 870 scenico
1325 827 1476 870 habitu
1498 825 1758 870 decantavit.

397 909 454 951 Ac
476 924 529 951 ne
555 924 641 951 non
663 908 765 951 hinc
789 923 989 967 quoque,
1018 916 1231 967 quantum
1256 916 1398 968 posset
1427 906 1579 967 praedae
1602 916 1646 951 et
1672 923 1761 951 ma-

394 987 653 1044 nubiarum,
679 986 927 1043 invaderet,
955 985 1174 1048 pollicitus
1200 986 1457 1031 cadaverum
1485 997 1527 1031 et
1550 987 1759 1032 ruderum

394 1069 627 1127 gratuitam
649 1068 928 1128 egestionem,
948 1068 1109 1110 nemini
1131 1066 1185 1110 ad
1199 1066 1401 1126 reliquias
1420 1082 1565 1110 rerum
1581 1084 1758 1111 suarum

392 1145 510 1189 adire
555 1148 770 1207 permisit3
821 1145 1213 1205 collationibusque
1255 1162 1343 1189 non
1382 1147 1563 1206 receptis
1607 1147 1757 1202 modo,

391 1243 541 1270 verum
566 1236 610 1270 et
647 1226 916 1287 efflagitatis,
947 1227 1194 1286 provincias
1222 1226 1582 1286 privatorumque
1608 1242 1758 1271 census

391 1322 526 1366 prope
547 1307 759 1351 exhausit.

453 1389 657 1431 XXXIX.
695 1390 987 1433 Accesserunt
1020 1390 1150 1433 tantis
1175 1405 1226 1432 ex
1261 1389 1458 1449 principe
1493 1387 1616 1433 malis
1656 1405 1756 1449 pro-

389 1467 566 1527 brisque
593 1468 791 1528 quaedam
817 1479 861 1512 et
880 1469 1060 1513 fortuita
1087 1486 1096 1512 :
1124 1468 1368 1529 pestilentia
1390 1469 1519 1512 unius
1542 1470 1754 1521 autumni,

387 1563 475 1606 quo
502 1549 681 1609 triginta
705 1548 908 1592 funerum
924 1548 1061 1592 millia
1088 1550 1133 1593 in
1157 1550 1369 1592 rationem
1397 1549 1599 1593 Libitinae
1625 1565 1751 1592 vene-

386 1637 488 1671 runt
521 1645 530 1671 z
568 1627 712 1672 clades
747 1629 1013 1684 britannica,
1054 1646 1141 1689 qua
1181 1628 1268 1672 duo
1313 1630 1530 1689 praecipua
1565 1628 1752 1689 oppida⁷

386 1723 545 1768 magna
581 1708 741 1752 civium
784 1710 1090 1768 sociorumque
1118 1708 1253 1765 caede,
1278 1708 1446 1768 direpta
1471 1718 1569 1752 sunt
1593 1725 1602 1751 z
1629 1709 1752 1769 igno—

385 1787 517 1830 minia
543 1788 597 1832 ad
626 1789 875 1845 Orientem,
904 1787 1150 1849 legionibus
1188 1789 1230 1831 in
1260 1788 1467 1832 Armenia
1492 1787 1572 1830 sub
1594 1788 1749 1849 jugum

386 1868 548 1921 missis,
573 1885 771 1929 aegreque
794 1869 918 1929 Syria
954 1878 1136 1912 retenta.
1162 1869 1327 1912 Mirum
1345 1902 1357 1924 ‚
1380 1878 1422 1912 et
1442 1866 1509 1911 vel
1535 1869 1750 1928 praecipue

385 1947 574 1991 notabile
616 1949 727 1992 inter
762 1949 854 1991 haec
880 1948 1035 2004 fuerit,
1065 1947 1174 1991 nihil
1202 1964 1299 1992 eum
1333 1947 1591 2006 patientius,
1619 1963 1748 2007 quani

383 2025 610 2070 maledicta
634 2037 674 2071 et
701 2028 897 2071 convicia
925 2027 1153 2070 hominum
1170 2060 1181 2079 ‚
1208 2025 1382 2080 tulisse3
1409 2042 1549 2085 neque
1570 2026 1614 2069 in
1639 2025 1749 2070 ullos

383 2105 609 2162 leniorem,
638 2123 769 2166 quam
803 2106 878 2166 qui
913 2122 958 2149 se
987 2105 1113 2149 dictis
1149 2116 1224 2149 aut
1262 2105 1527 2150 carminibus
1555 2105 1747 2150 lacessis-

382 2196 496 2242 sent,
525 2186 750 2229 exstitisse.
784 2184 925 2229 Multa
952 2201 1089 2246 graecc
1119 2185 1335 2245 latineque
1373 2186 1638 2246 proscripta,
1673 2195 1747 2230 aut

383 2265 558 2326 vulgata
577 2275 699 2322 sunt;
723 2266 834 2310 sicut
863 2264 935 2310 illa
966 2284 974 2309 :

535 2401 642 2444 Νέρων
657 2427 664 2440 ,
684 2392 842 2445 ὀρέστης,
866 2395 1056 2445 Ᾰλκμαίων,
1077 2402 1291 2446 μητροκτόνοι.

536 2501 716 2545 Νεόνυμφον
742 2502 847 2546 Νέρων
872 2497 956 2534 ἰδίαν
979 2502 1087 2545 μητέρ’
1109 2501 1303 2533 ἀπέκτεινεν.

483 2608 575 2652 Quis
598 2616 703 2654 negat
719 2637 728 2652 ,
754 2610 873 2647 sEneae
898 2621 1030 2656 magna
1060 2609 1105 2644 alc
1128 2610 1242 2657 stirpe
1264 2609 1477 2644 Neronem?

532 2669 682 2704 Sustulit
708 2671 766 2705 liic
793 2678 967 2714 matrem,
987 2671 1128 2706 sustulit
1150 2672 1210 2707 ille
1229 2678 1380 2718 patrem.
