1971 3342
403 194 451 231 82
921 195 957 229 C.
987 195 1213 231 SUE-TONII

466 279 664 323 XLVIII.
704 280 982 338 Regnorum,
1019 278 1173 338 quibus
1209 276 1308 320 belli
1337 277 1433 337 jure
1469 275 1631 335 potitus
1665 286 1752 330 est,

405 369 560 420 praeter
588 374 744 419 pauca,
774 367 848 401 aut
879 357 1060 414 iisdem,
1087 358 1243 418 quibus
1277 356 1518 413 ademerat,
1547 354 1754 410 reddidit,

403 447 477 482 aut
491 437 741 499 alienigenis
753 437 1001 481 contribuit.
1023 439 1161 498 Reges
1179 438 1318 481 socios
1333 437 1462 480 etiam
1484 436 1594 478 inter
1608 445 1757 479 semet-

404 520 521 579 ipsos
540 516 929 562 necessitudinibus
947 517 1108 561 mutuis
1122 517 1286 577 junxit,
1307 517 1654 578 promptissimus
1672 515 1758 559 asfl-

405 598 550 641 nitatis
568 597 777 658 cujusque
796 607 925 656 atque
948 597 1146 640 amicitiae
1163 596 1415 641 conciliator
1433 606 1474 639 et
1496 595 1660 651 fautor3
1681 611 1759 638 nec

401 676 527 721 aliter
550 677 793 731 universos,
815 692 944 735 quam
968 676 1161 719 membra
1180 686 1408 736 partesque
1433 675 1623 735 imperii,
1646 691 1760 718 curae

402 756 572 810 habuit,
598 765 809 798 rectorem
839 771 1012 815 quoque
1037 755 1187 798 solitus
1219 772 1438 815 apponere
1466 763 1590 797 aetate
1619 754 1762 813 parvis

401 852 451 878 ac
478 844 621 878 mente
647 834 795 895 lapsis,
825 835 961 877 donec
985 833 1298 890 adolescerent,
1328 843 1401 877 aut
1427 834 1726 893 resipiscerent
1752 850 1760 875 :

402 932 451 959 ac
483 914 772 975 plurimorum
807 913 963 958 liberos
996 924 1038 957 et
1072 914 1270 958 educavit
1303 913 1428 957 simul
1465 929 1565 956 cum
1601 913 1686 956 suis
1722 922 1762 955 et

403 995 604 1038 instituit.

464 1076 623 1118 XLIX.
661 1076 724 1118 Ex
753 1073 1013 1118 militaribus
1041 1075 1175 1135 copiis
1202 1072 1393 1134 legiones
1416 1083 1457 1116 et
1480 1071 1639 1115 auxilia
1665 1088 1765 1132 pro-

401 1154 621 1198 vinciatim
661 1153 881 1196 distribuit
919 1171 928 1196 :
969 1153 1146 1197 classem
1184 1153 1343 1196 Miseni
1382 1161 1425 1195 et
1465 1150 1644 1195 alteram
1683 1154 1766 1195 Ra-

402 1250 574 1288 vennae,
607 1232 661 1276 ad
700 1231 878 1276 tutelam
913 1233 1059 1293 superi
1094 1243 1138 1276 et
1170 1232 1295 1276 inferi
1327 1232 1483 1289 maris,
1521 1230 1764 1276 collocavit.

401 1316 581 1358 Certum
604 1329 835 1356 numerum
860 1313 1017 1372 partim
1042 1313 1085 1355 in
1108 1312 1262 1366 Urbis,
1286 1312 1441 1371 partim
1468 1312 1511 1354 in
1534 1311 1599 1355 sui
1625 1321 1769 1355 custo-

401 1393 517 1436 diam
555 1392 726 1452 allegit,
763 1391 939 1435 dimissa
977 1390 1407 1452 Calagurritanorum
1445 1407 1602 1448 manu,
1637 1408 1767 1451 quam

403 1489 540 1532 usque
558 1472 612 1515 ad
632 1472 849 1515 devictum
873 1473 1137 1528 Antonium,
1156 1472 1257 1515 item
1278 1473 1619 1527 Germanorum,
1638 1487 1768 1531 quam

403 1568 539 1612 usque
572 1550 625 1595 ad
661 1550 826 1594 cladem
860 1552 1119 1607 Varianam,
1154 1552 1268 1594 inter
1303 1551 1540 1612 armigeros
1576 1551 1690 1594 circa
1725 1568 1769 1594 sc

402 1631 624 1675 habuerat.
660 1631 811 1690 Neque
842 1640 985 1674 tamen
1016 1647 1208 1691 unquam
1241 1630 1386 1691 plures
1415 1647 1545 1690 quam
1578 1640 1663 1674 tres
1697 1647 1770 1674 co-

403 1711 548 1754 hortes
589 1710 633 1753 in
672 1711 791 1754 Urbe
829 1728 918 1754 esse
956 1727 1104 1771 passus
1138 1720 1228 1765 est,
1264 1726 1421 1770 easque
1457 1710 1548 1754 sine
1584 1710 1769 1753 castris:

402 1789 590 1850 reliquas
612 1791 654 1833 in
677 1790 857 1834 hiberna
881 1800 922 1833 et
944 1791 1087 1834 aestiva
1108 1790 1221 1833 circa
1242 1789 1425 1833 finitima
1445 1788 1606 1850 oppida
1628 1789 1772 1833 dimit-

402 1880 492 1914 tere
513 1880 719 1914 assuerat.
745 1870 969 1930 Quicquid
993 1880 1138 1914 autem
1162 1870 1324 1929 ubique
1347 1869 1535 1913 militum
1557 1879 1692 1924 esset,
1717 1869 1772 1912 ad

402 1960 564 1994 certam
581 1949 896 2010 stipendiorum
917 1950 1282 2010 praemiorumque
1303 1947 1532 1991 formulam
1551 1949 1771 2003 astrinxit,

401 2030 590 2074 definitis
624 2047 703 2090 pro
734 2029 872 2090 gradu
903 2030 1111 2089 cujusque
1141 2038 1183 2071 ct
1213 2028 1479 2088 temporibus
1510 2027 1700 2085 militiae,
1730 2038 1773 2071 ct

402 2108 640 2153 commodis
664 2110 941 2165 missionum,
967 2125 1020 2151 ne
1042 2118 1117 2151 aut
1138 2117 1262 2152 aetate
1285 2118 1362 2151 aut
1385 2108 1530 2168 inopia
1555 2117 1653 2168 post
1674 2108 1774 2151 mis-

402 2190 566 2232 sionem
593 2187 815 2232 sollicitari
843 2188 897 2232 ad
922 2205 987 2232 res
1014 2205 1147 2232 novas
1171 2198 1360 2248 possent.
1387 2189 1536 2248 thue
1561 2197 1774 2248 perpetuo

403 2285 453 2312 ac
482 2269 572 2312 sine
601 2267 857 2312 difficultate
888 2277 1084 2329 sumptus
1112 2267 1167 2311 ad
1197 2267 1381 2312 tuendos
1406 2284 1478 2311 eos
1504 2284 1770 2328 prosequen-

403 2348 567 2409 dosque
601 2358 872 2409 suppeteret,
905 2349 1105 2392 aerarium
1139 2347 1324 2392 militare
1356 2364 1454 2391 cum
1489 2346 1772 2408 vectigalibus

404 2430 525 2473 novis
545 2430 745 2473 instituit.
767 2431 821 2473 Et
841 2446 928 2489 quo
948 2427 1128 2472 celerius
1148 2445 1197 2471 ac
1217 2428 1297 2471 sub
1315 2444 1492 2470 manum
1513 2428 1771 2471 annunciari

403 2510 691 2569 cognoscique
712 2519 873 2570 posset,
893 2508 999 2569 quid
1020 2510 1063 2552 in
1086 2509 1308 2568 provincia
1330 2524 1504 2568 quaque
1523 2516 1772 2568 gereretur,

401 2587 579 2645 juvenes
617 2590 758 2648 primo
796 2588 976 2642 modicis
1018 2586 1255 2630 intervallis
1291 2604 1368 2647 pcr
1411 2585 1617 2631 militares
1656 2587 1772 2645 vias,
