1971 3342
368 234 415 273 91,
907 222 945 258 c,
977 222 1209 258 SUETONH

370 318 496 369 putat
521 308 577 364 is,
601 323 699 351 cum
723 305 971 350 adversario
997 306 1050 350 de
1067 306 1165 367 jure
1187 304 1291 361 sibi,
1314 303 1387 348 sed
1412 303 1465 348 de
1485 303 1748 360 soloecismo,

369 388 711 432 controversiam
744 387 991 432 futuram.»
1023 388 1101 431 Hic
1140 386 1253 430 idern
1271 420 1282 441 ,
1309 402 1446 446 quum
1473 401 1525 429 ex
1552 385 1750 429 oratione

370 471 595 515 Tiberium
640 469 1014 531 reprehendisset,
1051 468 1297 513 affirmante
1323 468 1470 512 Atteio
1506 467 1750 527 Capitone,

368 572 389 592 «
412 562 454 595 et
480 568 570 595 esse
594 550 702 595 illud
731 550 942 607 latinum,
977 559 1047 607 et,
1074 549 1109 593 si
1136 565 1224 593 non
1249 558 1387 606 esset,
1409 548 1607 592 futurum
1631 557 1750 591 certe
1781 605 1785 609 .

364 633 455 693 jam
482 632 581 676 inde
602 649 611 675 ε
640 652 659 673 n
681 659 744 666 -—
763 631 1033 686 «Mentitur,
1052 650 1072 671 »
1093 631 1237 691 inquit
1252 665 1263 687 ,
1287 649 1307 670 «
1327 630 1498 690 CapitO.
1524 630 1593 672 Tu
1617 628 1749 684 enim,

370 715 529 768 Caesar,
564 714 782 757 civitatem
810 712 914 757 dare
942 721 1063 774 potes
1090 711 1367 767 hominibus,
1397 709 1534 754 verbo
1557 725 1646 753 non
1672 725 1751 770 po·

373 803 491 838 tes.»
528 793 724 855 Pugilem
755 792 859 837 olim
887 793 1042 849 fuisse,
1072 793 1249 837 Asinius
1275 790 1429 837 Gallus
1464 790 1546 834 hoc
1575 790 1619 833 in
1648 805 1748 833 eum

371 875 689 937 epigrammate
715 874 903 919 ostendit
932 891 942 918 :

497 1005 571 1050 Qui
595 1013 706 1052 eaput
725 1005 773 1040 ad
792 1006 921 1040 laevam
941 1004 1082 1051 rejicit,
1102 1005 1325 1052 glossemata
1343 1003 1454 1038 nobis

553 1067 726 1114 Praecipit
747 1080 755 1101 :
778 1079 819 1102 os
848 1067 1014 1112 nullum,
1034 1067 1092 1101 vel
1112 1066 1238 1114 potius
1264 1065 1421 1113 pugilis!

434 1193 600 1236 XXIII.
617 1190 1088 1247 RemmiusPalaemon,
1102 1190 1379 1245 Vicentinus,
1392 1188 1586 1233 mulieris
1600 1203 1752 1244 verna,

372 1276 543 1336 primo,
566 1284 614 1318 ut
634 1274 800 1331 ferunt,
825 1274 1086 1328 textrinum,
1107 1272 1263 1317 deinde
1284 1271 1464 1318 herilem
1485 1269 1626 1315 filium
1647 1270 1753 1315 dum

373 1357 611 1400 comitatur
642 1356 685 1399 in
714 1354 906 1413 scholas,
936 1354 1099 1399 litteras
1123 1354 1277 1399 didicit
1305 1371 1314 1398 :
1343 1363 1490 1415 postea
1513 1353 1754 1397 manumis-

372 1453 443 1480 sus
460 1472 469 1490 ,
495 1436 647 1480 docuit
672 1439 823 1480 Romae
846 1453 854 1480 ε
880 1453 929 1480 ae
954 1436 1199 1497 principem
1226 1435 1371 1479 locum
1397 1435 1510 1478 inter
1535 1449 1753 1495 gramma·

373 1517 479 1560 ticos
503 1518 665 1572 tenuit,
691 1532 958 1576 quamquam
989 1515 1162 1559 infamis
1190 1515 1395 1560 omnibus
1423 1514 1561 1570 vitiis,
1588 1510 1754 1574 palam-

373 1613 458 1657 que
482 1607 525 1640 et
547 1597 749 1653 Tiberio,
778 1606 819 1640 et
846 1613 946 1640 mox
967 1594 1178 1652 Claudio,
1206 1594 1563 1656 praedicantibus,
1588 1593 1754 1638 nemini

375 1678 518 1720 minus
547 1677 865 1721 institutionem
890 1693 1127 1737 puerorum
1152 1675 1216 1720 vel
1238 1676 1450 1737 juvenum
1477 1675 1755 1718 committen-

374 1757 473 1801 dam
496 1774 504 1800 t
528 1757 602 1801 sed
631 1757 831 1819 capiebat
854 1758 1051 1801 homines
1071 1773 1207 1817 quum
1228 1757 1439 1800 memoria
1465 1772 1636 1812 rerum,
1658 1765 1751 1799 tum

371 1837 583 1881 facilitate
619 1839 833 1882 sermonis
866 1855 875 1881 τ
906 1854 985 1882 nec
1010 1854 1098 1881 non
1128 1847 1328 1898 poemata
1355 1835 1540 1881 faciebat
1567 1851 1619 1879 ex
1643 1845 1754 1879 tem-

373 1934 496 1979 pore.
524 1918 705 1979 Scripsit
729 1927 769 1961 et
793 1918 947 1974 variis,
971 1934 1050 1962 nec
1071 1917 1323 1979 vulgaribus
1347 1918 1510 1961 metris.
1533 1918 1757 1978 Arrogan-

373 1998 433 2041 tia
454 1997 534 2041 fuit
561 2007 702 2055 tanta,
728 2008 775 2042 ut
794 1999 998 2042 Marcum
1025 2000 1267 2042 Varronem
1282 2014 1469 2060 porcam
1494 1996 1757 2058 appellaret;

373 2095 519 2122 secum
556 2088 596 2121 ct
628 2088 775 2134 natas,
802 2088 845 2122 et
874 2079 1108 2122 morituras
1136 2077 1327 2132 litteras,
1353 2078 1557 2138 jactaret3
1594 2093 1754 2121 nomen

373 2175 500 2201 suum
529 2159 570 2201 in
599 2158 819 2202 Bucolicis
840 2175 927 2202 non
956 2168 1113 2202 temere
1131 2159 1350 2219 positum,
1374 2158 1447 2202 sed
1473 2158 1757 2219 praesagiente

373 2237 589 2299 Virgilio,
620 2238 710 2281 fore
736 2239 998 2299 quandoque
1021 2240 1219 2282 omnium
1252 2249 1479 2300 poetarum
1504 2255 1554 2283 ac
1580 2255 1757 2299 poema-

379 2330 474 2363 tum
514 2318 807 2364 Palaemonem
833 2320 1043 2381 judicem.
1074 2320 1360 2365 Gloriabatur
1387 2321 1541 2376 etiam,
1567 2318 1756 2364 latrones

375 2401 601 2462 quondam
641 2403 722 2446 sibi
764 2412 946 2464 propter
987 2403 1178 2447 nominis
1223 2402 1517 2447 celebritatem
1556 2402 1753 2464 parsisse.

376 2483 582 2526 Luxuriae
610 2484 669 2527 ita
696 2482 906 2539 indulsit,
931 2492 979 2527 ut
1005 2484 1159 2544 saepius
1188 2484 1231 2527 in
1257 2483 1326 2527 die
1356 2482 1541 2540 lavaret3
1569 2497 1649 2526 nec
1669 2480 1757 2525 suf-

376 2562 527 2606 ficeret
564 2564 780 2608 sumtibus
796 2599 807 2621 ,
831 2580 1098 2624 quamquam
1123 2580 1174 2607 ex
1204 2563 1351 2608 schola
1374 2562 1652 2624 quadragena
1679 2578 1756 2605 an-

378 2658 463 2686 nua
493 2654 687 2704 caperet,
712 2661 761 2689 ac
785 2661 872 2688 non
897 2642 1038 2688 multo
1066 2645 1209 2688 minus
1236 2662 1286 2688 ex
1315 2661 1359 2688 re
1384 2643 1583 2687 fan’iiliari
1601 2678 1611 2698 ‚
1633 2643 1756 2702 cujus
