1971 3342
401 245 472 280 9,νῦ
937 244 973 278 (ἶ.
1004 244 1232 278 SUETOMI

401 330 450 373 sle
488 329 706 372 fabrorum
745 344 917 388 quoque
954 344 1001 369 ac
1042 327 1361 375 ministrorum,
1398 334 1527 384 atque
1561 324 1602 368 id
1632 342 1763 384 genus

403 426 605 460 numero,
628 411 661 452 si
689 417 984 459 automatum,
1021 407 1084 450 vel
1110 424 1282 467 pegma,
1312 405 1374 449 vel
1403 406 1508 466 quid
1536 405 1620 449 tale
1647 405 1765 449 aliud

400 507 555 549 parum
584 489 788 533 cessisset.
816 486 993 531 Induxit
1025 497 1066 530 et
1095 503 1229 530 unum
1259 504 1309 530 ex
1341 485 1766 530 nomenculatoribus

399 572 505 626 suis,
532 570 642 613 sicut
659 579 751 612 erat
774 578 960 628 togatus.

463 652 649 694 XXXV.
691 649 773 693 Sed
809 647 913 691 nihil
952 665 1072 708 aeque
1110 665 1237 707 quam
1275 647 1452 691 timidus
1484 664 1534 690 ac
1567 646 1767 691 diffidens

404 730 498 773 fuit.
540 730 696 772 Primis
737 730 905 789 imperii
944 728 1118 784 diebus,
1153 744 1439 788 quamquam,
1475 737 1521 770 ut
1555 726 1767 779 diximus,

395 810 583 869 jactator
608 808 852 863 civilitatis,
888 825 1026 868 neque
1057 809 1256 852 convivia
1283 809 1390 851 inire
1416 824 1545 851 ausus
1570 818 1653 863 est,
1687 808 1767 851 nisi

401 899 448 932 ut
482 888 774 950 speculatores
805 905 903 931 cum
943 887 1103 931 lanceis
1133 888 1484 941 circumstarent,
1526 887 1768 947 militesque

401 970 491 1012 vice
513 970 812 1012 ministrorum
835 967 1140 1029 fungerentur:
1166 985 1306 1028 neque
1321 984 1485 1029 aegrum
1504 984 1766 1027 quemquam

400 1049 609 1104 visitavit,
648 1049 727 1092 nisi
765 1047 988 1108 explorato
1027 1049 1147 1107 prius
1184 1047 1407 1102 cubiculo,
1444 1046 1698 1107 culcitisque
1727 1058 1771 1091 et

399 1127 602 1188 stragulis
630 1129 893 1188 praetentatis
914 1138 957 1171 et
977 1129 1164 1171 excussis
1187 1144 1196 1170 ε
1222 1127 1391 1187 reliquo
1412 1136 1556 1170 autem
1579 1137 1771 1188 tempore

400 1207 711 1251 salutatoribus
747 1217 1010 1251 scrutatores
1049 1223 1217 1267 semper
1258 1207 1479 1267 apposuit,
1524 1216 1566 1250 et
1597 1207 1771 1266 quidem

400 1288 625 1342 omnibus,
652 1297 694 1331 et
717 1288 1030 1331 acerbissimos.
1060 1289 1166 1330 Sero
1192 1287 1307 1330 enim
1333 1303 1382 1329 ac
1408 1287 1479 1329 vix
1507 1287 1693 1344 remisit,
1719 1305 1772 1331 ne

401 1367 570 1411 feminae
596 1368 925 1428 praetextatique
963 1368 1085 1427 pueri
1122 1376 1165 1410 et
1195 1365 1349 1427 puellae
1378 1376 1772 1422 contrectarentur,

401 1457 444 1490 et
469 1464 522 1491 ne
544 1449 667 1507 cujus
684 1448 831 1491 comiti
857 1457 932 1491 aut
953 1446 1130 1490 librario
1156 1446 1395 1490 calamariae
1420 1456 1494 1490 aut
1516 1447 1773 1507 graphiariae

402 1527 535 1570 thecae
560 1526 870 1570 adimerentur.
907 1529 1035 1571 Motu
1073 1525 1211 1583 civili,
1249 1543 1384 1587 quum
1413 1543 1510 1570 eum
1538 1526 1771 1583 Camillus,

403 1624 490 1651 non
514 1607 718 1650 dubitans
737 1608 866 1650 etiam
888 1608 1004 1650 circa
1025 1606 1188 1650 bellum
1207 1624 1332 1667 posse
1356 1608 1529 1663 terreri,
1548 1617 1772 1651 contume-

400 1686 506 1730 liosa
539 1696 581 1730 et
623 1687 779 1730 minaci
824 1697 865 1730 et
907 1687 1151 1730 contumaci
1184 1685 1368 1747 epistola
1403 1686 1555 1730 cedere
1591 1688 1773 1747 imperio

397 1767 591 1826 juberet,
620 1768 842 1827 vitamque
868 1767 1051 1810 otiosam
1081 1767 1124 1809 in
1152 1768 1322 1827 privata
1347 1783 1394 1810 re
1421 1784 1572 1829 agere3
1602 1767 1774 1811 dubita-

403 1847 482 1902 vit,
510 1847 715 1891 adhibitis
741 1847 1014 1908 principibus
1044 1847 1167 1903 viris,
1199 1864 1254 1891 an
1279 1848 1611 1909 obtemperaret.

466 1929 674 1971 XXXVI.
704 1926 927 1983 Quasdam
957 1927 1132 1970 insidias
1157 1937 1318 1971 temere
1341 1926 1503 1970 delatas
1523 1927 1630 1971 adeo
1650 1944 1774 1988 expa-

405 2007 483 2062 vit,
508 2017 556 2051 ut
575 2006 793 2068 deponere
812 2008 1043 2068 imperium
1066 2008 1309 2050 tentaverit.
1331 2006 1550 2063 Quodam,
1575 2017 1623 2051 ut
1643 2024 1773 2068 supra

403 2086 550 2142 retuli,
591 2104 692 2130 cum
740 2087 853 2130 ferro
892 2088 1005 2130 circa
1042 2085 1356 2130 sacrificantem
1393 2103 1436 2130 se
1475 2086 1773 2147 deprehenso,

403 2176 599 2210 senatum
628 2183 704 2228 per
724 2183 941 2226 praecones
970 2183 1153 2227 propere
1180 2168 1456 2222 convocavit,
1485 2166 1773 2229 lacrymisque

403 2257 446 2291 et
479 2246 789 2290 vociferatione
825 2248 1057 2290 miseratus
1097 2256 1162 2290 est
1196 2246 1489 2291 conditionem
1527 2265 1669 2304 suam,
1704 2249 1773 2292 cui

392 2325 511 2370 'nihil
540 2328 622 2370 tuti
648 2343 832 2387 usquam
855 2336 990 2381 esset3
1023 2344 1071 2370 ac
1099 2327 1170 2370 diu
1196 2326 1372 2387 publico
1397 2328 1619 2372 abstinuit.
1659 2330 1774 2372 Mes-

404 2405 550 2450 salinae
576 2424 752 2467 quoque
779 2424 970 2451 amorem
999 2407 1400 2468 flagrantissimum,
1432 2425 1519 2451 non
1545 2418 1633 2452 tam
1660 2407 1771 2451 indi-

405 2488 570 2548 gnitate
607 2488 998 2544 contumeliarum,
1033 2505 1162 2547 quam
1205 2488 1385 2548 periculi
1418 2498 1561 2542 metu,
1589 2488 1770 2549 abjecit,

405 2584 542 2627 quum
572 2567 771 2612 adultero
794 2568 897 2612 Silio
926 2568 1092 2627 acquiri
1120 2569 1349 2629 imperium
1375 2568 1653 2612 credidisset:
1683 2584 1771 2627 quo

407 2657 601 2707 tempore
627 2633 856 2691 foedumin
886 2648 1061 2692 modum
1092 2649 1281 2709 trepidus
1308 2649 1362 2692 ad
1389 2657 1526 2692 castra
1553 2647 1770 2709 confugit,
