1988 3407
502 390 711 445 nihl
763 386 1063 443 PERSII
1113 388 1346 444 VITA.

828 596 1023 605 u<--‘-—--·v-

227 728 413 809 Annis
440 766 632 808 Pnnsws
654 765 861 807 FLACCUS
885 773 1012 807 uatus
1034 773 1099 807 cst
1121 763 1261 824 pridie
1286 782 1424 810 nonas
1446 765 1611 811 decem-

221 846 335 899 bris,
371 845 505 889 Fabio
547 845 743 898 Persico,
782 845 830 887 L.
862 842 1064 898 Vitellio,
1103 844 1372 890 consulibus.
1415 849 1612 892 Decessit

219 936 423 970 octavum
446 924 654 969 kalendas
681 924 899 969 decembr.
918 924 1075 968 Publio
1096 927 1257 979 Mario,
1282 928 1436 971 Asinio
1462 928 1611 981 Gallo,

219 1006 486 1051 consulibus.
513 1007 652 1050 Natus
675 1007 716 1049 in
747 1007 922 1050 Etruria
943 1006 1208 1063 volaterris,
1229 1025 1363 1068 eques
1386 1026 1612 1065 romanus,

218 1089 431 1149 sauguine
456 1097 499 1131 et
527 1087 743 1131 affinitate
764 1089 894 1149 primi
918 1087 1086 1131 ordinis
1109 1089 1212 1131 viris
1237 1089 1517 1149 conjunctus,
1541 1091 1615 1134 de-

219 1170 345 1213 cessit
372 1167 426 1211 ad
453 1178 658 1212 octavum
687 1167 940 1211 milliarium
971 1170 1037 1211 via
1069 1170 1210 1229 Appia
1240 1171 1282 1212 in
1310 1169 1483 1230 praediis
1506 1172 1611 1214 suis.

219 1252 348 1293 Pater
370 1249 465 1309 ejus
489 1248 669 1293 Flaccus
702 1247 919 1309 pupillum
950 1248 1125 1309 reliquit
1148 1251 1360 1306 moi-iens,
1389 1268 1612 1295 annorum

221 1330 307 1373 sci-e
345 1346 430 1373 sex.
471 1328 625 1374 Fulvia
660 1330 858 1373 Sisennia
899 1340 1040 1373 mater
1072 1331 1217 1390 nupsit
1264 1341 1412 1391 postea
1452 1334 1611 1387 Fusio,

219 1412 356 1470 equiti
387 1427 570 1454 romano
599 1428 607 1454 :
638 1420 678 1454 et
702 1427 801 1454 cum
831 1427 1008 1471 quoque
1030 1410 1185 1454 extulit
1211 1413 1325 1456 intra
1349 1429 1512 1472 paucos
1539 1430 1614 1457 an-

222 1509 312 1536 nos.
345 1491 524 1536 Studuit
547 1490 727 1535 Flaccus
752 1509 888 1551 usque
916 1491 967 1534 ad
1000 1509 1165 1535 anuum
1189 1492 1501 1538 duodecimum
1529 1496 1614 1538 Vo-

220 1573 390 1616 laterris
413 1590 422 1617 ε
447 1571 547 1617 inde
569 1575 722 1617 Romae
747 1572 863 1634 apud
891 1574 1226 1634 grammaticum
1254 1575 1508 1618 Remmium
1535 1577 1614 1619 Pa—

222 1653 474 1708 laemonem,
498 1663 541 1697 et
566 1653 684 1714 apud
711 1654 933 1697 rhetorem
960 1655 1210 1714 Virginium
1240 1653 1437 1698 Flavum.
1461 1657 1612 1713 Quum

219 1744 330 1778 esset
358 1750 577 1778 annorum
609 1734 821 1791 sedecim,
853 1737 1045 1778 amicitia
1075 1737 1206 1795 coepit
1229 1737 1291 1779 uti
1322 1738 1474 1780 Annaei
1505 1739 1612 1781 Cor-

221 1815 344 1868 nuti,
371 1816 430 1857 ita
457 1824 504 1858 ut
529 1815 581 1858 al)
611 1831 662 1857 co
689 1832 903 1874 nusquam
927 1815 1169 1859 discederet
1195 1834 1203 1859 :
1235 1833 1258 1859 a
1290 1833 1378 1876 quo
1410 1817 1613 1862 inductus

218 1894 496 1954 aliquatenus
522 1895 564 1937 in
590 1894 912 1955 philosophiam
941 1906 1019 1938 est.
1046 1898 1219 1939 Amicos
1246 1897 1399 1940 habuit
1425 1915 1449 1940 a
1472 1901 1613 1959 prima

219 1974 515 2019 adolescentia
549 1977 737 2019 Caesium
780 1978 959 2020 Bassum
1002 1986 1202 2035 poetam,
1237 1988 1278 2021 ct
1315 1978 1610 2039 Calpurnium

219 2058 396 2112 Suram,
432 2057 507 2117 qui
537 2074 588 2101 co
622 2057 720 2099 vivo
751 2058 924 2116 juvenis
957 2057 1154 2100 decessit.
1187 2057 1337 2102 Coluit
1366 2069 1415 2102 ut
1443 2070 1608 2119 patrem

218 2136 455 2180 Servilium
483 2138 753 2181 Nonianum.
783 2139 864 2180 l'cr
889 2140 1138 2182 Cornutum
1166 2141 1368 2200 coguovit
1399 2144 1609 2184 Annaeuni

218 2219 348 2260 ctiam
397 2220 645 2272 Lucanum,
689 2234 926 2278 aequaevum
966 2218 1215 2263 auditorem
1259 2222 1461 2264 Coi-nuti.
1500 2223 1609 2265 Nam

219 2302 445 2341 (lot-nutus
474 2297 550 2341 illo
591 2307 786 2358 tempore
824 2299 1017 2359 tragicus
1049 2299 1150 2353 fuit,
1179 2311 1308 2344 sectae
1339 2303 1506 2357 stoicae‚
1538 2304 1609 2362 qui

220 2377 355 2422 libros
378 2378 667 2440 pliilosopliiae
690 2378 878 2439 reliquit.
903 2379 985 2424 Sed
1004 2383 1210 2425 Lucanus
1232 2382 1342 2426 adeo
1369 2384 1613 2426 mirabatur

220 2460 383 2520 scripta
426 2458 588 2514 Flacci,
621 2470 666 2502 ut
697 2461 765 2503 vix
798 2462 1001 2504 setim-rot
1035 2479 1077 2504 sc
1109 2460 1182 2504 illo
1215 2464 1426 2506 recitante
1468 2480 1488 2506 a
1520 2463 1607 2507 cla-

221 2558 360 2595 more,
380 2532 504 2601 {quini
539 2560 558 2579 α
577 2540 644 2583 illu
669 2559 760 2584 csse
789 2558 885 2585 vcra
923 2552 1122 2603 poemata
1144 2564 1160 2582 n
1183 2543 1380 2606 ‹li‹·‹er‹*[].
1405 2547 1512 2588 Sero
1542 2563 1610 2587 co-

1470 2644 1606 2670 1’(ἸΙΙΗ,

220 2623 370 2677 μηυνίῑ
398 2632 436 2664 vt
468 2625 695 2674 Scucsam,
732 2623 800 2665 sm!
842 2640 926 2666 uon
959 2634 1003 2666 ut
1035 2635 1265 2684 caperetur
1294 2627 1385 2684 ejus
1421 2627 1490 2686 iub
