1988 3439
621 253 659 286 C.
691 250 862 286 JULIUS
890 249 1066 285 CAESAR.
1477 248 1520 284 31

157 338 354 381 munium
386 336 724 380 obtrectatorum
757 333 1080 377 criminationes
1113 334 1352 393 purgantis.
1385 333 1528 396 Apud

157 417 310 463 milites
339 432 513 478 quoque
541 417 583 459 in
614 414 856 476 Hispania,
887 412 1000 456 idem
1031 416 1255 473 Augustus
1285 414 1522 456 orationem

155 514 245 542 esse
275 499 344 541 vix
371 497 503 557 ipsius
531 505 656 556 putat
685 512 694 538 :
723 511 816 555 quae
847 504 989 537 tamen
1019 491 1176 553 duplex
1209 492 1347 535 fertur
1376 510 1384 536 :
1412 510 1524 545 una,

154 579 275 638 quasi
303 578 446 638 priore
471 575 618 619 habita
642 573 817 636 proeli03
844 573 977 617 altera
994 608 1005 629 ,
1026 573 1290 634 posteriore3
1316 588 1403 632 quo
1428 575 1523 617 Asi-

157 659 254 702 nius
276 656 413 702 Pollio
434 673 486 700 ne
507 665 677 716 tempus
695 654 870 715 quidem
892 653 1180 698 concionandi
1206 653 1407 697 habuisse
1427 670 1526 696 eum

155 738 282 795 dicit,
311 738 453 782 subita
479 737 669 780 hostium
699 736 957 779 incursione.

218 820 329 862 LVI.
369 815 561 877 Reliquit
586 825 627 859 et
651 832 796 859 rerum
822 832 998 859 suarum
1022 815 1395 870 Commentarios,
1421 814 1527 857 Gal—

155 897 244 954 lici,
265 897 502 957 Civilisque
528 896 627 940 belli
652 895 918 956 Pompeiani.
943 897 1053 939 Nam
1081 894 1389 951 Alexandrini,
1414 895 1528 938 Afri-

153 979 277 1038 cique
309 988 352 1022 et
389 978 708 1038 Hispaniensis,
748 978 934 1020 incertus
979 986 1133 1019 auctor
1173 985 1248 1019 est.
1292 975 1375 1020 Alii
1413 977 1527 1019 enim

154 1058 348 1118 Oppium
378 1067 560 1118 putant,
596 1057 666 1100 alii
700 1058 892 1100 Hirtium
927 1074 935 1100 :
967 1057 1040 1116 qui
1072 1057 1201 1099 etiam
1236 1055 1390 1101 Gallici
1430 1055 1528 1099 belli

154 1139 438 1182 novissimum
492 1137 878 1198 imperfectumque
925 1136 1085 1180 librum
1138 1136 1417 1197 suppleverit.
1466 1139 1530 1179 De

155 1218 488 1262 Commentariis
513 1219 694 1261 Caesaris
720 1219 872 1261 Cicero
897 1220 939 1260 in
967 1218 1118 1260 eodem
1144 1216 1256 1260 libro
1281 1218 1339 1259 sie
1362 1216 1489 1260 refert
1518 1233 1527 1258 :

154 1317 173 1337 (ι
191 1299 536 1342 Commentarios
568 1298 755 1358 scripsit,
781 1297 903 1340 valde
925 1297 1100 1356 quidem
1126 1296 1373 1357 probandos
1394 1314 1402 1339 :
1424 1296 1530 1339 nudi

155 1387 281 1431 sunt,
304 1378 434 1433 recti,
460 1388 503 1420 et
526 1378 716 1432 venusti,
743 1377 859 1419 ouini
887 1386 1045 1420 ornatu
1071 1377 1299 1432 orationis,
1324 1386 1530 1436 tanquam

154 1467 271 1502 veste
299 1457 490 1501 detracta
518 1475 526 1501 :
550 1458 622 1501 sed
648 1457 750 1500 dum
775 1457 912 1501 voluit
935 1456 1040 1501 alios
1061 1457 1219 1500 hahere
1243 1466 1393 1517 parata
1415 1457 1530 1500 unde

153 1548 402 1595 sumerent,
436 1539 510 1599 qui
545 1537 704 1582 vellent
742 1539 928 1582 scribere
962 1538 1212 1592 historiam,
1242 1537 1396 1598 ineptis
1432 1554 1529 1598 gra-

153 1628 247 1663 tum
280 1619 458 1663 fortasse
487 1619 612 1675 fecit,
648 1619 723 1679 qui
756 1617 826 1663 illa
860 1618 1007 1662 volent
1041 1617 1296 1661 calamistris
1330 1618 1531 1671 inurere,

154 1716 280 1744 sanos
302 1699 477 1760 quidem
498 1700 694 1744 homines
715 1716 740 1743 a
758 1698 987 1743 scribendo
1010 1698 1270 1742 deterruit.»
1293 1700 1359 1743 De
1380 1699 1529 1742 iisdem

153 1781 486 1824 Commentariis
517 1782 684 1824 Hirtius
721 1781 780 1824 ita
824 1780 1029 1841 praedieat
1056 1798 1064 1823 :
1093 1780 1249 1824 «Adeo
1288 1780 1533 1841 probantur

154 1861 349 1904 omnium
384 1860 572 1920 judicio,
611 1870 658 1904 ut
698 1870 935 1922 praerepta,
976 1878 1063 1905 non
1108 1861 1314 1921 praebita,
1353 1859 1532 1903 facultas

154 1941 440 2001 scriptoribus
476 1941 688 1984 videatur.
729 1942 865 2001 Cujus
904 1951 1047 1984 tamen
1084 1942 1144 1984 rei
1183 1941 1322 2001 major
1357 1950 1531 1994 nostra,

154 2036 284 2080 quam
306 2019 574 2081 reliquorum
596 2031 658 2065 est
680 2021 922 2064 admiratio.
946 2022 1089 2064 Ceteri
1116 2022 1252 2076 enim,
1273 2036 1403 2080 quam
1426 2019 1534 2063 bene

155 2111 285 2161 atque
310 2101 559 2158 emendate,
587 2118 666 2145 nos
693 2103 848 2158 etiam,
877 2118 1007 2161 quam
1037 2100 1158 2144 facile
1183 2109 1313 2160 atque
1340 2098 1534 2143 celeriter

157 2198 230 2224 eos
263 2182 591 2242 perscripserit,
622 2183 833 2225 scimus.»
864 2181 1003 2226 Pollio
1037 2182 1214 2225 Asinius
1247 2197 1403 2241 parum
1436 2178 1534 2223 dili-

156 2270 333 2321 genter,
372 2277 613 2320 parumque
659 2263 824 2322 integra
862 2264 1042 2306 veritate
1081 2262 1344 2322 compositos
1381 2270 1534 2321 putat,

157 2357 293 2401 quum
309 2343 452 2385 Caesar
471 2338 674 2400 pleraque
687 2351 727 2383 et
744 2358 838 2400 quae
858 2358 932 2400 per
946 2341 1051 2385 alios
1072 2351 1195 2385 erant
1215 2351 1354 2401 gesta,
1373 2350 1534 2384 temere

156 2419 410 2473 crediderit,
439 2428 480 2462 et
507 2436 601 2480 quae
629 2437 704 2480 per
740 2436 805 2474 se,
835 2419 897 2462 vel
932 2420 1155 2470 consulto,
1184 2420 1247 2463 vel
1286 2422 1413 2464 etiam
1447 2438 1534 2463 me-

158 2500 294 2543 moria
327 2498 494 2560 lapsus,
524 2517 749 2560 perperam
777 2499 986 2554 ediderit,
1014 2501 1316 2560 existimatque
1350 2501 1534 2559 rescrip-

159 2589 308 2623 turum
333 2589 374 2623 et
407 2589 705 2630 correcturum
732 2580 874 2623 fuisse.
908 2580 1098 2640 Reliquit
1131 2590 1173 2623 et
1207 2582 1274 2623 De
1306 2579 1532 2640 Analogia

161 2659 292 2704 libros
313 2660 442 2716 duos,
464 2669 504 2703 et
527 2661 818 2705 Anticatones
839 2660 1019 2704 totidem
1034 2695 1044 2715 ‚
1065 2677 1113 2703 ac
1135 2669 1339 2720 praeterea
1362 2676 1534 2721 poema,
