1971 3342
462 221 534 259 256
987 222 1025 257 C.
1056 222 1282 257 SUETONII

462 305 581 365 quasi
619 304 929 364 deprehensum
965 305 1125 348 crimen
1161 303 1401 347 voluntaria
1437 313 1575 347 morte
1612 306 1796 350 vitasset.

462 383 692 427 Adduntur
730 383 795 426 his
840 383 1072 438 atrociora,
1116 383 1187 426 sed
1226 384 1397 426 incertis
1433 384 1701 439 auctoribus,
1748 386 1801 429 ad

462 462 683 505 visendum
720 460 951 505 interfectae
993 460 1172 504 cadaver
1218 463 1474 517 accurrisse,
1524 471 1803 506 contrectasse

463 541 678 597 membra,
696 539 777 583 alia
800 541 1085 599 vituperasse,
1107 539 1188 584 alia
1214 540 1430 596 laudasse,
1454 541 1607 599 sitique
1631 541 1802 585 iuterim

462 619 640 675 oborta,
683 619 854 661 bibisse.
898 619 1048 677 Neque
1089 628 1231 662 tamen
1271 619 1575 662 conscientiam
1609 618 1803 674 sceleris,

463 714 723 757 quamquam
747 707 788 740 et
811 696 994 740 militum
1010 730 1021 751 ,
1041 707 1081 740 et
1100 707 1269 741 senatus
1296 696 1529 758 populique
1554 697 1805 759 gratulatio-

464 777 588 820 nibus
609 776 952 831 confirmaretur,
975 786 1049 820 aut
1071 777 1213 819 statim
1230 787 1304 820 aut
1323 793 1513 836 unquam
1531 786 1676 837 postea
1694 777 1805 820 ferre

464 857 630 915 potuit,
667 872 774 915 saepe
816 855 1059 910 confessus,
1097 856 1297 915 exagitari
1333 872 1375 898 se
1414 866 1604 899 materna
1641 857 1806 915 specie,

463 935 798 994 verberibusque
821 935 1046 978 Furiarum
1077 951 1125 977 ac
1159 934 1275 977 taedis
1307 927 1564 978 ardentibus.
1595 935 1715 990 Quin
1743 945 1806 989 et,

464 1013 574 1056 facto
598 1030 673 1073 per
695 1030 842 1074 magos
870 1030 989 1057 sacro
1005 1048 1015 1067 ,
1043 1029 1218 1056 evocare
1240 1029 1386 1056 manes
1410 1023 1451 1055 ct
1473 1029 1647 1056 exorare
1676 1023 1809 1057 tenta-

464 1093 537 1135 vit.
567 1093 914 1152 Peregrinatione
950 1091 1124 1151 quidem
1159 1093 1356 1146 Graeciae,
1392 1090 1617 1134 Eleusiniis
1654 1094 1808 1147 sacris,

465 1187 648 1230 quorum
676 1172 917 1213 initiatione
939 1171 1058 1230 impii
1079 1180 1119 1213 et
1142 1169 1334 1213 scelerati
1352 1186 1455 1212 voce
1474 1171 1679 1230 praeconis
1699 1186 1813 1213 sum-

464 1260 706 1300 moventur,
731 1251 934 1294 interesse
959 1266 1046 1293 non
1072 1266 1198 1293 ausus
1222 1259 1295 1292 est.
1324 1252 1346 1292 J
1352 1249 1557 1308 unxitque
1583 1249 1812 1308 parricidio

466 1330 613 1373 matris
637 1330 774 1373 amitae
797 1346 958 1373 necem.
981 1330 1125 1386 Quam
1152 1346 1284 1389 quum
1305 1345 1354 1372 ex
1376 1328 1533 1371 duritie
1558 1327 1642 1372 alvi
1658 1329 1814 1372 cuban-

466 1419 550 1452 tem
573 1409 787 1463 visitaret,
815 1418 856 1451 et
885 1407 957 1451 illa
973 1442 984 1464 ,
1014 1418 1200 1452 tractans
1225 1407 1469 1468 lanuginem
1493 1408 1601 1467 ejus,
1623 1417 1672 1451 ut
1697 1425 1808 1451 asso-

465 1489 545 1543 let,
577 1491 665 1549 jam
701 1489 872 1549 grandis
912 1499 1039 1545 natu,
1082 1505 1160 1548 per
1199 1488 1429 1531 blanditias
1466 1487 1575 1531 forte
1612 1488 1813 1542 dixisset,

466 1589 486 1610 «
514 1567 639 1612 simul
682 1569 793 1611 hanc
834 1584 1062 1628 excepero,
1100 1569 1209 1610 mori
1255 1566 1351 1610 volo
1392 1584 1450 1608 z»
1488 1583 1716 1611 conversus
1762 1568 1814 1609 ad

467 1649 684 1708 proximos
703 1682 714 1702 ,
743 1647 966 1690 confestim
995 1663 1037 1690 se
1072 1647 1341 1705 positurum,
1371 1644 1486 1688 velut
1516 1645 1697 1688 irridens
1731 1647 1815 1701 ait3

468 1728 752 1786 praecepitque
776 1725 971 1779 medicis,
996 1736 1043 1768 ut
1070 1725 1226 1785 largius
1247 1734 1480 1784 purgarent
1504 1741 1673 1784 aegram.
1704 1727 1815 1769 Nec-

468 1805 569 1848 dum
597 1804 806 1848 defunctae
840 1805 953 1847 bona
985 1804 1168 1859 invasit,
1196 1820 1424 1863 suppresso
1460 1812 1736 1858 testamento,
1763 1820 1816 1846 ne

468 1883 569 1943 quid
596 1883 852 1927 abscederet.

528 1965 709 2006 XXXV.
736 1966 901 2007 Uxores
924 1974 1078 2023 praeter
1102 1965 1325 2007 Octaviam
1357 1963 1461 2005 duas
1488 1971 1634 2022 postea
1661 1961 1812 2004 duxit:

468 2045 693 2102 Poppaeam
731 2043 959 2095 Sabinam,
994 2043 1222 2101 quaestorio
1254 2051 1374 2101 patre
1410 2051 1580 2094 natam,
1609 2051 1652 2084 et
1686 2042 1816 2100 equiti

471 2136 649 2163 romano
683 2130 807 2162 antea
838 2130 1039 2179 nuptam3
1080 2119 1231 2162 deinde
1269 2119 1480 2163 Statiliam
1516 2118 1816 2173 Messalinam,

471 2200 601 2243 Tauri
623 2199 688 2242 bis
711 2198 900 2243 consulis
920 2215 968 2243 ac
987 2198 1256 2259 triumphalis
1280 2200 1523 2259 abneptem.
1548 2200 1647 2256 Qua
1670 2208 1717 2241 ut
1746 2214 1818 2257 po-

470 2280 641 2333 tiretur,
679 2279 819 2321 virum
862 2279 969 2338 ejus,
1005 2279 1197 2321 Atticum
1230 2279 1455 2322 Vestinum
1497 2276 1733 2331 consulem,
1775 2277 1815 2318 in

470 2358 633 2401 honore
660 2358 751 2417 ipso
782 2357 1024 2401 trucidavit.
1054 2358 1242 2401 Octaviae
1267 2356 1617 2400 consuetudinem
1646 2356 1730 2399 cito
1756 2370 1818 2397 as—

470 2446 675 2497 pernatus
690 2472 700 2490 ,
726 2437 1056 2497 corripientibus
1081 2437 1226 2479 amicis
1243 2470 1253 2490 ,
1273 2456 1293 2476 «
1308 2436 1513 2480 Sufficere
1531 2434 1591 2478 illi
1612 2434 1784 2488 debere,
1800 2454 1818 2472 »

471 2515 714 2576 respondit,
754 2535 774 2556 α
800 2517 948 2559 uxoria
984 2525 1285 2558 ornamenta.»
1326 2515 1532 2559 Eamdem
1573 2529 1671 2556 mox
1710 2527 1818 2571 saepc

471 2594 627 2638 frustra
662 2594 929 2655 strangulare
954 2593 1203 2650 meditatus,
1230 2594 1390 2637 dimisit
1417 2604 1459 2637 ut
1488 2591 1673 2636 sterilem
1705 2607 1713 2633 :
1745 2589 1817 2633 sed
