1988 3407
713 246 1042 284 neminimus.
1531 259 1546 290 7
1562 260 1571 281 1

187 351 323 379 nuere
349 352 357 378 :
386 332 460 379 sed
484 349 622 395 quum
649 342 691 376 et
717 331 958 375 obnoxium
984 346 1028 373 se
1051 329 1256 373 Barbaris
1281 346 1359 390 per
1379 330 1463 374 hoc
1485 331 1580 374 ani-

187 417 504 472 madverteret,
545 431 685 476 neque
718 430 770 457 eo
807 413 949 457 secius
985 412 1027 456 iu
1067 411 1335 473 explicandis
1370 414 1579 458 oneribus

187 502 384 557 liaereret,
411 497 518 558 nihil
537 497 658 559 pensi
679 495 849 550 habuit,
871 495 977 556 quin
995 493 1268 556 praedaretur
1288 495 1410 537 omni
1433 493 1578 539 modo.

187 583 310 627 Bona
332 581 532 624 vivorum
556 595 604 623 ac
634 587 913 621 mortuorum
943 591 1284 636 usquequaque,
1311 574 1511 635 quolibet
1538 585 1581 619 et

187 672 440 707 accusatore
465 670 509 704 et
531 660 718 705 crimine
734 693 745 714 ‚
766 657 1139 718 corripiebantur.
1163 656 1277 701 Satis
1303 665 1419 710 erat,
1446 654 1582 716 objici

189 742 492 803 qualecunque
511 740 673 785 factum
695 739 921 783 dictumve
939 737 1147 782 adversus
1168 737 1440 798 majestatem
1466 736 1583 797 priu-

187 825 310 886 cipis.
341 821 714 868 confiscabantur
749 819 1024 864 alienissimae
1063 817 1355 874 hereditates,
1385 817 1451 862 vel
1493 833 1583 861 uno

188 905 448 957 exsistente,
485 903 561 963 qui
592 901 776 956 diceret,
805 900 977 945 audisse
1015 916 1060 944 se
1086 916 1138 944 ex
1174 898 1405 955 defuncto,
1444 914 1583 959 quum

189 986 378 1039 viveret,
408 1003 429 1025 t(
448 983 652 1028 heredem
681 983 762 1027 sibi
791 983 1005 1027 Caesarem
1047 997 1151 1024 esse.
1174 1000 1196 1022 »
1225 982 1388 1024 Praeter
1417 988 1585 1023 ceteros

189 1065 387 1126 judaicus
422 1065 550 1109 fiscus
576 1064 855 1109 acerbissime
886 1073 1009 1107 actus
1033 1072 1096 1106 est
1127 1079 1136 1105 :
1174 1061 1230 1105 ad
1258 1077 1390 1122 quem
1415 1059 1583 1105 defere-

190 1147 368 1198 bantur,
391 1147 467 1207 qui
492 1144 558 1190 vel
580 1144 824 1207 improfessi
843 1144 1069 1204 judaicam
1097 1145 1292 1186 viverent
1314 1143 1472 1197 vitam,
1498 1140 1586 1197 vel,

191 1226 463 1271 dissimulata
496 1227 696 1288 origine,
725 1227 929 1287 imposita
965 1226 1083 1286 genti
1109 1224 1274 1268 tributa
1304 1239 1394 1267 non
1426 1239 1589 1284 pepen-

192 1309 371 1353 dissent.
400 1307 660 1351 Interfuisse
690 1323 760 1349 me
797 1303 1174 1350 adolescentulum
1216 1305 1426 1357 memini,
1452 1319 1589 1364 quum

192 1406 214 1434 a
244 1398 556 1451 procuratore,
586 1388 1028 1448 frequentissimoque
1064 1385 1271 1441 consilio,
1304 1386 1590 1446 inspiceretur

195 1470 515 1531 nonagenarius
531 1485 679 1522 senex,
695 1485 749 1511 an
766 1468 1078 1511 circumsectus
1094 1476 1219 1510 esset.
1234 1465 1303 1510 Ab
1316 1466 1498 1525 juventa
1517 1466 1591 1508 mi-

193 1551 311 1595 nime
335 1548 475 1594 civilis
497 1550 655 1602 animi,
675 1548 903 1592 confidens
918 1549 1071 1601 etiam,
1096 1557 1139 1590 et
1161 1563 1297 1607 quum
1317 1547 1476 1603 verbis,
1498 1557 1588 1591 tum

192 1632 323 1677 rebus
339 1631 615 1675 immodicus.
633 1630 823 1686 Caenidi,
841 1629 976 1691 patris
995 1628 1254 1673 concubinae
1268 1664 1278 1683 ,
1301 1645 1350 1672 ex
1371 1629 1497 1672 Isti-ia
1527 1644 1592 1671 re-

194 1730 351 1768 versae,
381 1711 694 1772 osculumque,
720 1722 765 1755 ut
783 1720 1000 1766 assuerat,
1021 1709 1246 1765 offerenti,
1276 1726 1454 1752 manum
1478 1725 1590 1770 prae-

196 1794 306 1837 buit.
334 1794 561 1837 Generum
584 1791 756 1844 fratris,
789 1791 967 1851 indigne
994 1790 1159 1841 ferens,
1187 1789 1356 1833 albatos
1381 1799 1421 1833 et
1451 1790 1590 1849 ipsum

196 1874 420 1917 ministros
441 1872 620 1927 habere,
644 1870 933 1933 proclamavit
953 1869 1070 1916 :Oia
1090 1868 1269 1924 ἀγαθὼ
1292 1882 1590 1929 munifex-sin.

262 1955 386 1999 XIII.
422 1954 725 2013 principatum
755 1968 856 1995 vero
878 1951 1087 2011 adeptus,
1111 1968 1252 2011 neque
1278 1953 1320 1994 in
1354 1962 1504 1995 senatu
1528 1954 1594 2011 ja-

198 2045 317 2080 ctare
343 2034 587 2088 dubitavit,
614 2053 634 2074 «
657 2044 700 2077 et
718 2034 830 2095 patri
856 2050 899 2076 se
925 2043 966 2076 et
992 2032 1114 2076 fratri
1148 2034 1380 2092 imperium
1405 2032 1594 2087 dedissi'3

200 2115 295 2159 illos
324 2115 403 2158 sibi
432 2114 674 2159 reddidisse
700 2131 708 2157 :
734 2135 754 2156 ι)
782 2130 923 2174 neque
962 2115 1003 2157 in
1041 2112 1292 2157 reducenda
1325 2124 1419 2173 post
1447 2114 1595 2156 divor-

202 2197 310 2240 tium
342 2212 476 2240 uxore
502 2195 696 2251 edicere,
722 2214 742 2235 (ι
760 2204 958 2239 vocatam
984 2211 1078 2238 eam
1104 2196 1144 2237 iii
1174 2193 1378 2255 pulvinar
1408 2211 1552 2238 suum.
1577 2215 1596 2234 n

203 2276 443 2321 Acclamat-i
470 2278 600 2320 etiam
637 2277 680 2319 in
705 2276 1033 2336 amphitheatro
1061 2274 1177 2336 epuli
1206 2274 1276 2319 die
1303 2274 1491 2319 libenter
1516 2293 1595 2318 au-

202 2357 284 2401 diit
309 2374 317 2400 :
346 2376 364 2396 α
390 2358 583 2401 Domino
610 2367 648 2400 et
677 2357 864 2400 dominae
891 2355 1087 2399 feliciter.
1113 2376 1133 2396 »
1164 2355 1247 2400 Sed
1279 2366 1318 2399 et
1353 2355 1595 2417 capitolino

205 2439 445 2482 certamine
473 2447 657 2481 cunctos
689 2438 856 2499 ingenti
892 2453 1107 2480 consensu
1139 2446 1388 2497 precantes,
1425 2447 1470 2480 ut
1497 2437 1596 2480 Pal-

205 2518 367 2562 furium
393 2520 548 2562 Sus-ain
581 2519 850 2574 restitueret,
875 2517 1049 2579 pulsum
1077 2516 1179 2561 olim
1211 2528 1385 2571 senatu,
1414 2535 1463 2561 ae
1494 2528 1597 2560 tunt·

205 2598 258 2642 de
284 2599 534 2643 oratoribus
563 2609 846 2653 coronatum,
876 2598 997 2642 nullo
1040 2614 1250 2658 responso
1280 2597 1487 2659 (lignani,
1529 2607 1597 2641 ta-

204 2695 298 2723 cere
317 2678 622 2722 tantummodo
641 2679 790 2739 jussit,
820 2695 924 2722 voce
950 2680 1174 2740 proeconis
1204 2679 1299 2721 Pari
1327 2689 1598 2739 arrogantia,
