1988 3439
576 258 818 293 OCTAVIUS
838 258 1108 295 AUGUSTUS.

1448 285 1509 307 111

165 334 350 381 circulus
378 339 430 382 ad
458 341 642 399 speciem
670 338 851 383 coelestis
883 356 1007 384 arcus
1037 341 1187 384 orbem
1215 342 1315 387 solis
1343 346 1512 389 ambiit:

163 430 212 457 ac
241 417 424 461 subinde
451 418 592 472 Juliae,
621 420 798 462 Caesaris
833 418 949 475 filiae,
977 431 1311 465 monumentum
1342 424 1518 468 fulmine

165 494 299 539 ictum
321 507 396 540 est.
419 498 563 541 Primo
585 507 727 541 autem
749 498 997 556 consulatu,
1020 501 1058 543 ei
1079 501 1311 562 augurium
1334 505 1517 563 capienti

163 573 394 619 duodecim
419 592 464 620 se
489 575 704 632 vultures,
730 587 780 622 ut
797 577 1009 635 Romulo,
1029 581 1344 636 ostenderunt3
1373 592 1415 625 et
1442 584 1520 626 im-

163 653 342 698 molanti
373 656 568 699 omnium
594 658 871 702 victimarum
894 659 1091 719 jecinora
1121 659 1328 720 replicata
1361 662 1517 705 intrin-

163 749 285 778 secus
313 733 368 777 ab
396 735 480 778 ima
506 734 611 780 fibra
637 746 903 797 patuerunt,
932 739 1102 783 nemine
1126 741 1367 801 peritorum
1398 741 1522 785 aliter

162 813 453 873 conjectante‚
483 831 613 874 quam
634 814 729 860 laeta
760 833 837 877 per
867 818 956 863 haec
986 829 1029 862 et
1051 836 1207 880 magna
1236 821 1452 880 portendi.

225 894 381 938 XCVI.
420 895 540 952 Quin
563 905 606 939 et
628 894 844 940 bellorum
869 899 1066 942 omniurn
1090 910 1271 943 eventus
1291 910 1391 944 ante
1411 918 1521 960 prae·

161 973 307 1016 sensit.
346 974 593 1018 Contractis
635 975 689 1019 ad
722 978 961 1020 Bononiam
1000 979 1329 1022 triumvirorum
1364 981 1522 1039 copiis,

160 1051 328 1111 aquila,
355 1055 544 1098 tentorio
573 1055 664 1114 ejus
693 1056 1003 1117 supersedenS‚
1034 1057 1143 1101 duos
1171 1075 1323 1102 corvos
1352 1059 1452 1102 hinc
1481 1071 1524 1103 ct

162 1131 261 1176 inde
294 1134 546 1179 infestantes
582 1134 756 1191 afflixit,
792 1145 834 1179 et
871 1135 924 1179 ad
958 1146 1118 1180 terram
1158 1136 1304 1191 dedit3
1343 1148 1522 1182 notante

161 1214 279 1256 omni
308 1215 523 1270 exercitu,
554 1215 747 1258 futuram
779 1215 1038 1275 quandoque
1074 1217 1188 1259 inter
1220 1216 1407 1278 collegas
1440 1218 1524 1261 dis-

162 1292 354 1336 cordiam
378 1292 531 1349 talem,
558 1293 695 1354 qualis
722 1303 867 1337 secuta
898 1303 983 1350 est,
1011 1304 1141 1354 atque
1173 1297 1335 1339 exitum
1369 1314 1522 1357 praesa-

162 1372 317 1432 giente.
344 1374 394 1415 In
418 1372 653 1433 Philippis,
682 1372 912 1416 Thessalus
936 1373 1111 1432 quidam
1131 1375 1193 1417 de
1220 1375 1367 1419 futura
1393 1378 1524 1420 victo-

162 1451 224 1494 ria
262 1453 508 1508 nunciavit,
547 1461 723 1496 auctore
758 1454 813 1496 D.
853 1453 1048 1507 Caesare,
1084 1454 1208 1513 cujus
1244 1454 1324 1497 sibi
1363 1458 1523 1515 species

161 1530 317 1574 itinere
347 1532 443 1574 avio
471 1532 742 1575 occurrisset.
775 1532 901 1576 Circa
927 1533 1174 1589 Perusiam,
1201 1534 1412 1577 sacrificio
1437 1552 1521 1577 non

161 1609 334 1666 litante,
357 1627 490 1671 quum
511 1611 661 1672 augeri
682 1611 842 1655 hostias
865 1612 1140 1672 imperasset,
1166 1629 1214 1656 ac
1235 1613 1375 1656 subita
1397 1630 1524 1674 erup-

163 1691 279 1734 tione
305 1691 448 1734 hostes
473 1707 644 1734 omnem
670 1691 731 1734 rei
757 1690 912 1734 divinae
936 1701 1194 1751 apparatum
1220 1691 1524 1749 abstulissent,

161 1771 357 1814 constitit
393 1771 504 1814 inter
539 1771 815 1831 haruspices,
852 1787 947 1831 quae
990 1770 1232 1831 periculosa
1268 1782 1309 1816 et
1347 1773 1526 1816 adversa

163 1850 422 1894 sacrificanti
452 1850 712 1894 denunciata
744 1860 906 1906 essent,
938 1860 1093 1894 cuncta
1126 1852 1168 1893 in
1202 1850 1297 1895 illos
1327 1869 1526 1896 recasura

162 1931 235 1990 qui
270 1939 367 1973 exta
398 1930 621 1973 haberent.
658 1931 812 1989 Neque
844 1929 968 1972 aliter
1000 1931 1156 1973 evenit.
1192 1931 1362 1985 Pridie,
1395 1949 1524 1991 quam

163 2007 434 2054 Siciliensem
458 2025 649 2070 pugnam
674 2008 807 2052 classe
832 2009 1139 2063 committeret,
1165 2008 1458 2053 deambulanti
1485 2012 1527 2053 in

164 2089 290 2133 litore
321 2091 449 2150 piscis
483 2106 505 2133 e
539 2089 646 2132 mari
678 2088 876 2143 exsiluit,
909 2099 950 2131 et
982 2089 1034 2131 ad
1063 2088 1193 2149 pedes
1221 2090 1369 2149 jacuit.
1402 2091 1528 2150 Apud

165 2170 368 2226 Actium,
411 2169 687 2213 descendenti
734 2170 777 2212 in
824 2169 959 2212 aciem
1003 2168 1157 2212 asellus
1204 2186 1303 2212 cum
1345 2170 1530 2213 asinario

165 2250 358 2293 occurrit
385 2266 394 2292 z
419 2249 582 2292 homini
613 2249 858 2308 Eutychus,
886 2249 1030 2292 bestiae
1059 2250 1202 2294 Nicon
1233 2259 1326 2292 erat
1355 2266 1527 2293 nomen.

166 2330 406 2388 Utriusque
425 2327 700 2371 simulacrum
720 2344 884 2370 aeneum
905 2329 1043 2370 victor
1060 2330 1205 2388 posuit
1223 2330 1267 2371 in
1288 2329 1468 2389 templo,
1488 2330 1531 2371 in

166 2410 284 2470 quod
303 2419 543 2453 castrorum
565 2424 740 2451 suorum
764 2405 904 2450 locum
928 2408 1069 2450 vertit.

232 2491 412 2533 XCVII.
448 2490 569 2534 Mors
605 2504 778 2548 quoquc
815 2488 933 2547 ejus,
971 2486 1022 2528 (le
1060 2503 1147 2545 qua
1177 2486 1333 2530 dehinc
1368 2487 1531 2538 dicam,

169 2569 587 2628 divinitasque-post
623 2577 828 2621 mortem,
858 2566 1186 2608 evidentissimis
1217 2566 1394 2607 ostentis
1423 2582 1531 2626 prze-

169 2650 345 2709 cognita
378 2657 454 2691 est.
492 2648 640 2703 Quum
683 2646 866 2689 lustrum
910 2647 950 2688 in
990 2662 1144 2705 campo
1181 2647 1340 2687 Martio
1380 2662 1534 2707 magna
