1971 3342
465 266 509 287 22
982 254 1020 287 (i.
1051 253 1279 288 SUETONH

462 351 508 376 cx
539 331 719 376 adverso
746 334 978 376 constituta
1005 346 1139 377 erant.
1173 334 1378 389 Athletae,
1407 335 1544 378 stadio
1570 335 1623 378 ad
1649 345 1818 395 tempus

462 422 707 469 exstructo,
736 413 778 456 in
805 414 976 473 regione
1003 415 1149 455 Martii
1175 415 1313 473 campi
1339 424 1613 457 certaverunt
1637 431 1714 474 per
1740 415 1817 457 tri-

464 490 614 535 duum.
646 491 802 535 Navali
833 490 1008 552 proeliO,
1040 491 1084 534 in
1112 492 1278 535 minore
1305 493 1468 536 Codeta
1496 492 1664 537 defosso
1695 492 1817 546 lacu,

463 572 644 614 biremes
671 588 719 614 ac
751 571 945 614 triremes
967 570 1343 631 quadriremesque
1366 573 1502 632 Tyriae
1539 582 1581 615 et
1611 573 1818 633 AEgyptiae

463 648 632 705 classis,
671 667 826 710 magno
863 660 1156 710 pugnatorum
1194 667 1375 694 numero
1411 651 1711 695 conflixerunt.
1752 650 1818 695 Ad

464 745 558 788 quae
583 731 726 772 omnia
753 727 994 789 spectacula
1024 738 1194 772 tantum
1225 730 1416 790 undique
1445 730 1656 774 confluxit
1678 730 1819 773 homi-

464 824 595 861 num,
634 818 684 851 ut
719 807 910 868 plerique
946 807 1118 852 advenae
1155 819 1231 852 aut
1268 810 1380 854 inter
1416 811 1558 866 vicos,
1594 819 1670 853 aut
1708 809 1820 852 inter

463 887 551 929 vias
580 886 864 930 tabernaculis
891 888 1040 947 positis
1070 898 1319 945 manerent3
1350 905 1400 932 ac
1433 905 1543 949 saepe
1574 904 1662 949 prae
1693 887 1820 930 turba

464 963 556 1007 elisi
592 967 906 1026 exanimatique
946 968 1029 1010 sint
1068 966 1270 1027 plurimi,
1305 977 1347 1011 ct
1385 968 1428 1011 in
1466 968 1533 1011 his
1571 966 1659 1011 duo
1698 982 1819 1011 sena-

465 1054 589 1087 tores.

526 1126 618 1166 XL.
655 1126 899 1167 Conversus
932 1125 1033 1168 binc
1065 1125 1119 1168 ad
1149 1126 1438 1169 ordinandum
1466 1124 1711 1186 reipublicae
1737 1133 1821 1167 sta-

465 1212 584 1257 tum,
617 1202 746 1246 fastos
777 1205 986 1259 correxit,
1017 1205 1103 1263 jam
1134 1205 1300 1264 pridem
1331 1206 1434 1247 vitio
1463 1205 1717 1265 pontificum
1745 1220 1822 1264 per

466 1280 746 1324 intercalandi
770 1281 984 1325 licentiam
1007 1282 1115 1325 adeo
1143 1284 1363 1339 turbatos,
1388 1294 1437 1326 ut
1459 1298 1597 1343 neque
1619 1283 1821 1327 messium

465 1360 578 1404 feriae
602 1370 759 1417 aestate,
777 1377 914 1420 neque
934 1360 1246 1404 vindemiarum
1265 1372 1496 1417 autumno,
1513 1371 1819 1422 competerent.

467 1441 730 1498 Antiumque
764 1439 816 1483 ad
847 1456 1021 1483 cursum
1045 1439 1144 1483 solis
1176 1440 1543 1498 accommodavit,
1578 1451 1627 1484 ut
1658 1451 1821 1484 trecen-

468 1528 611 1562 torum
639 1519 857 1579 sexaginta
895 1519 1085 1579 quinque
1121 1519 1286 1563 dierum
1315 1530 1443 1576 esset,
1473 1530 1516 1563 et
1552 1518 1822 1563 intercalario

467 1614 610 1641 mense
623 1597 805 1654 sublato,
825 1615 935 1642 unus
954 1599 1040 1643 dies
1059 1609 1213 1659 quarto
1227 1616 1399 1659 quoque
1415 1616 1528 1643 anno
1553 1598 1824 1643 intercalare-

468 1687 551 1720 tur.
573 1680 674 1734 Quo
698 1688 840 1721 autem
865 1680 998 1739 magis
1022 1680 1063 1722 in
1088 1689 1309 1740 posterum
1330 1696 1380 1723 ex
1406 1679 1597 1722 kalendis
1610 1680 1819 1739 januariis

467 1759 588 1801 novis
608 1767 849 1818 temporum
870 1760 979 1802 ratio
991 1761 1384 1819 e011grucret,inter
1401 1760 1678 1802 novembrem
1690 1774 1739 1801 ac
1753 1757 1824 1801 dc-

469 1836 682 1879 cembrem
702 1854 888 1881 mensem
904 1831 1118 1898 interjecit
1142 1838 1251 1882 duos
1271 1838 1400 1882 alios:
1421 1839 1589 1899 fuitque
1612 1839 1646 1882 is
1667 1855 1823 1894 annus,

467 1931 554 1973 quo
584 1915 673 1958 haec
697 1917 1088 1973 constituebantur,
1118 1917 1364 1977 quindecim
1392 1919 1605 1961 mensium
1633 1933 1733 1960 cum
1760 1918 1825 1959 in-

467 1994 712 2051 tercalario,
738 1997 812 2055 qui
831 2012 882 2039 cx
898 1997 1209 2040 consuetudine
1232 1998 1274 2039 in
1295 2014 1393 2039 cum
1415 2013 1578 2040 annum
1600 1995 1821 2039 inciderat.

529 2075 641 2117 XLI.
681 2077 888 2118 Senatum
930 2074 1171 2135 supplevit,
1216 2077 1419 2134 patricios
1456 2074 1629 2136 allegit,
1668 2085 1826 2136 praeto-

468 2169 592 2205 rum,
625 2153 811 2197 aedilium
829 2188 839 2208 ,
875 2163 1162 2213 quaestorum,
1196 2156 1415 2199 minorum
1444 2156 1573 2199 etiam
1605 2156 1828 2215 magistra-

469 2240 590 2274 tuum
621 2248 849 2276 numerum
872 2233 1115 2293 ampliavit;
1142 2234 1325 2278 nudatos
1350 2251 1480 2295 opere
1510 2234 1726 2291 censorio,
1751 2243 1826 2277 aut

457 2313 680 2381 ¹sententia
717 2312 915 2371 judicum
955 2313 1007 2356 dc
1045 2314 1209 2357 ambitu
1248 2313 1582 2362 condemnatos.
1622 2313 1822 2357 restituit.

459 2381 656 2434 ⁴Comitia
683 2407 781 2434 cum
806 2391 968 2452 populo
994 2393 1177 2452 partitus
1203 2403 1288 2449 est,
1314 2402 1385 2449 ut,
1409 2394 1600 2453 exceptis
1627 2391 1824 2436 consula·

468 2478 536 2511 tus
568 2472 953 2529 competitoribus,
983 2472 1035 2515 de
1069 2481 1212 2515 cetero
1248 2488 1429 2515 numero
1465 2472 1823 2525 candidatorum,

464 2559 545 2604 pro
572 2559 692 2606 parte
717 2549 920 2607 dimidia,
951 2568 1058 2610 quos
1085 2550 1269 2610 populus
1300 2551 1455 2604 vellet,
1483 2552 1821 2612 pronuntiaren-

470 2632 561 2673 [ιιι-ς
598 2643 675 2684 pro
711 2639 838 2687 parte·
864 2629 1020 2681 altera,
1057 2647 1162 2688 quos
1202 2631 1288 2689 ipsc
1326 2632 1539 2674 edidisset.
1577 2633 1631 2674 Et
1669 2630 1823 2675 edebat
