1988 3407
783 242 942 277 T'I'l'L'S.
1520 242 1563 288 33)

171 329 258 372 sato
285 327 377 372 dari
398 363 408 380 ,
429 348 449 369 »
475 328 507 371 si
530 326 636 388 quid
664 335 874 387 praeterea
898 325 1220 381 desiderarent,
1242 326 1506 387 promittens
1525 342 1569 369 se

171 410 444 454 tributurum
486 427 493 452 :
530 418 573 452 et
599 407 828 451 confestim
858 405 1037 467 quidem
1068 406 1123 450 ad
1148 405 1329 450 alterius
1361 416 1568 461 matrem,

170 507 266 550 quae
296 489 450 553 procul
476 489 654 541 aberat,
689 503 891 532 cursores
915 504 1016 531 suos
1040 487 1188 539 misit,
1216 487 1292 548 qui
1322 488 1461 530 anxiae
1488 485 1570 531 sal-

172 588 278 616 vum
302 571 442 616 filium
472 571 750 615 nunciarent.
781 571 990 615 Ceterum
1014 570 1131 631 ipsos
1157 585 1245 612 non
1275 567 1418 612 solum
1449 567 1572 611 fami-

175 651 272 698 liari
299 669 434 698 coenae
461 651 688 706 adhibuit,
714 650 789 695 sed
819 660 862 695 et
896 651 1146 712 insequenti
1182 650 1250 693 die
1275 648 1572 711 gladiatorum

171 733 425 795 spectaculo
453 735 566 778 circa
595 750 639 777 sc
667 750 720 777 ex
762 731 977 777 industria
1017 731 1263 785 collocatis,
1301 729 1449 774 oblata
1487 729 1572 773 sibi

171 815 436 860 ferramenta
475 816 771 877 pugnantium
822 813 1093 876 inspicienda
1133 813 1343 875 porrexit.
1391 811 1573 856 Dicitur

170 899 326 953 etiam,
351 898 530 959 cognita
554 896 784 958 utriusque
805 898 1009 958 genitura
1024 931 1035 951 ,
1057 915 1077 936 «
1099 895 1333 939 imminere
1354 893 1572 937 ambobus

171 978 439 1040 periculum,
451 1000 472 1021 n
496 979 764 1024 affirmasse:
781 995 963 1023 «verum
979 977 1250 1040 quandoque
1263 1011 1274 1033 ,
1290 986 1331 1020 et
1347 976 1402 1020 ab
1421 974 1509 1019 alio
1529 992 1537 1018 :
1556 995 1576 1015 »

171 1061 283 1105 sicut
308 1062 467 1106 evenit.
494 1063 694 1106 Fratrem
712 1097 723 1119 ,
748 1061 947 1106 insidiari
978 1061 1059 1106 sibi
1085 1077 1176 1104 non
1204 1059 1476 1104 desinentem
1501 1056 1573 1101 sed

171 1160 294 1200 paene
321 1160 372 1188 ex
415 1144 615 1209 professo
654 1143 967 1188 sollicitantem
1007 1144 1252 1197 exercitus,
1288 1140 1573 1184 meditantem

172 1226 350 1287 fugam,
379 1243 460 1270 nec
499 1225 724 1279 occidere,
754 1242 898 1286 neque
921 1240 1160 1286 seponere,
1186 1240 1235 1267 ac
1264 1239 1316 1266 ne
1337 1224 1380 1265 in
1406 1222 1577 1265 minore

175 1307 352 1366 quidem
379 1307 548 1351 honore
569 1308 730 1351 habere
756 1307 968 1351 sustinuit
992 1323 1001 1350 ε
1030 1304 1133 1361 sed,
1157 1315 1246 1349 uta
1272 1305 1418 1366 primo
1444 1304 1578 1363 impe-

175 1389 226 1431 rii
253 1387 323 1432 die
340 1422 351 1444 ‚
381 1398 629 1432 consortem
661 1404 1048 1448 successoremque
1075 1387 1228 1430 testari
1256 1384 1577 1447 perseveravit3

174 1486 495 1530 nonnunquam
529 1481 697 1514 secreto
734 1469 938 1531 precibus
979 1479 1020 1512 et
1047 1467 1252 1528 lacrymis
1291 1483 1443 1520 orans,
1488 1484 1507 1504 «
1530 1474 1579 1508 ut

176 1550 350 1595 tandem
374 1561 531 1595 mutuo
557 1568 661 1613 erga
688 1568 732 1595 se
757 1551 906 1595 animo
938 1549 1070 1593 vellet
1099 1566 1205 1593 esse.
1231 1568 1251 1589 n

239 1634 293 1676 X.
319 1634 442 1676 Inter
473 1633 565 1676 liaec
592 1641 736 1676 morte
757 1641 1007 1693 praeventus
1035 1640 1126 1687 est,
1153 1630 1319 1690 majore
1343 1628 1576 1673 hominum

175 1714 364 1769 damno,
402 1731 531 1774 quam
572 1730 664 1757 suo.
707 1711 977 1774 Spectaculis
1016 1711 1258 1767 absolutis,
1303 1711 1343 1754 in
1385 1726 1576 1771 quorum

176 1795 263 1839 fine
295 1794 463 1857 populo
500 1812 649 1839 coram
686 1794 875 1839 ubertim
909 1794 1116 1850 fleverat,
1149 1793 1337 1838 Sabinos
1368 1793 1474 1853 petit
1498 1790 1578 1835 ali-

177 1886 344 1937 quanto
367 1877 551 1931 tristior,
573 1876 693 1937 quod
715 1876 978 1921 sacrificanti
1003 1876 1146 1920 hostia
1172 1875 1423 1936 aufugerat,
1443 1873 1583 1935 quod-

177 1976 263 2018 que
294 1969 556 2020 tempestate
579 1975 731 2003 serena
754 1968 971 2003 tonucrat.
1002 1957 1175 2002 Deinde
1200 1957 1253 2001 ad
1281 1959 1469 2018 primam
1497 1966 1580 2000 sta-

178 2042 254 2083 tim
285 2041 558 2084 mansionem
585 2040 741 2084 febrim
769 2051 949 2095 nactus,
973 2056 1110 2100 quum
1140 2038 1242 2082 inde
1265 2037 1415 2082 lectica
1442 2049 1581 2082 trans-

180 2122 395 2178 ferretur,
437 2123 681 2182 suspexisse
731 2121 892 2166 dicitur
940 2120 1119 2164 dimotis
1156 2118 1346 2182 plagulis
1389 2118 1547 2163 coelum
1570 2156 1580 2175 ,

181 2202 459 2264 multumque
491 2213 780 2265 conquestus,
823 2203 976 2264 «eripi
1016 2203 1097 2246 sibi
1137 2204 1271 2246 vitam
1317 2202 1579 2245 immerenti.

181 2286 335 2344 Neque
374 2286 489 2328 enim
520 2295 690 2329 exstare
718 2284 857 2329 ullum
895 2301 1023 2327 suum
1055 2283 1218 2327 factum
1248 2282 1582 2344 poenitendum,

182 2376 365 2427 excepto
387 2366 602 2410 duntaxat
624 2384 726 2410 uno.
749 2386 769 2406 ))
790 2365 838 2410 Id
863 2364 993 2426 quale
1019 2365 1167 2420 fuerit,
1190 2382 1332 2425 neque
1360 2365 1450 2425 ipse
1477 2374 1582 2407 tunc

181 2446 407 2508 prodidit,
434 2464 576 2508 neque
602 2449 809 2508 cuiquam
834 2446 959 2491 facilc
989 2456 1232 2490 succurrat,
1259 2445 1454 2503 Quidam
1487 2446 1582 2505 opi-

182 2538 369 2582 nantur,
398 2529 764 2573 consuetudinem
789 2528 1091 2583 recordatum,
1126 2544 1257 2588 quam
1295 2543 1398 2570 cum
1435 2526 1580 2569 fratris

181 2626 317 2654 uxore
344 2596 562 2653 habuerit.
593 2609 678 2654 Sed
709 2608 873 2654 nullam
903 2610 1133 2665 habuisse,
1168 2618 1397 2669 persancte
1429 2608 1581 2651 Domi-

181 2691 239 2733 tia
257 2691 430 2751 jurabat
456 2709 462 2733 :
489 2690 603 2734 liaud
632 2702 862 2751 negatura,
887 2692 918 2733 si
946 2708 1031 2750 qua
1055 2691 1237 2732 omnino
1259 2690 1428 2743 l'uissct3
1447 2689 1581 2730 immo
