<?xml version="1.0" encoding="UTF-8"?>
<!DOCTYPE html PUBLIC "-//W3C//DTD XHTML 1.0 Transitional//EN"
    "http://www.w3.org/TR/xhtml1/DTD/xhtml1-transitional.dtd">
<html xmlns="http://www.w3.org/1999/xhtml" xml:lang="en" lang="en">
 <head>
  <title>
</title>
<meta http-equiv="Content-Type" content="text/html;charset=utf-8" />
  <meta name='ocr-system' content='tesseract 3.04.00' />
  <meta name='ocr-capabilities' content='ocr_page ocr_carea ocr_par ocr_line ocrx_word'/>
</head>
<body>
  <div class='ocr_page' id='page_1' title='image "./operagro00suetuoft_0049.png"; bbox 0 0 1988 3439; ppageno 0'>
   <div class='ocr_carea' id='block_1_1' title="bbox 150 280 1522 2646">
    <p class='ocr_par' dir='ltr' id='par_1_1' title="bbox 153 280 1516 1294">
     <span class='ocr_line' id='line_1_1' title="bbox 613 280 1502 316; baseline 0.004 -4"><span class='ocrx_word' id='word_1_1' title='bbox 613 284 649 312; x_wconf 26' lang='lat' dir='ltr'>CV</span> <span class='ocrx_word' id='word_1_2' title='bbox 679 280 844 313; x_wconf 77' lang='lat' dir='ltr'>JULIUS</span> <span class='ocrx_word' id='word_1_3' title='bbox 866 281 1046 314; x_wconf 64' lang='lat' dir='ltr'><strong>CAESAR</strong></span> <span class='ocrx_word' id='word_1_4' title='bbox 1463 294 1502 316; x_wconf 78' lang='lat'>2¹</span> 
     </span>
     <span class='ocr_line' id='line_1_2' title="bbox 155 360 1511 412; baseline 0.003 -9"><span class='ocrx_word' id='word_1_5' title='bbox 155 360 366 403; x_wconf 81' lang='lat' dir='ltr'>tumultus</span> <span class='ocrx_word' id='word_1_6' title='bbox 408 371 727 412; x_wconf 75' lang='lat' dir='ltr'>numeraverat,</span> <span class='ocrx_word' id='word_1_7' title='bbox 768 362 916 404; x_wconf 85' lang='lat' dir='ltr'>vicena</span> <span class='ocrx_word' id='word_1_8' title='bbox 948 361 1079 405; x_wconf 67' lang='lat' dir='ltr'>millia</span> <span class='ocrx_word' id='word_1_9' title='bbox 1119 381 1342 406; x_wconf 76' lang='lat' dir='ltr'>numinum</span> <span class='ocrx_word' id='word_1_10' title='bbox 1383 364 1511 408; x_wconf 88' lang='lat' dir='ltr'>dedit.</span> 
     </span>
     <span class='ocr_line' id='line_1_3' title="bbox 154 440 1511 504; baseline 0.003 -21"><span class='ocrx_word' id='word_1_11' title='bbox 154 441 395 500; x_wconf 80' lang='lat' dir='ltr'>Assignavit</span> <span class='ocrx_word' id='word_1_12' title='bbox 426 450 465 482; x_wconf 87' lang='lat' dir='ltr'>et</span> <span class='ocrx_word' id='word_1_13' title='bbox 501 456 650 499; x_wconf 85' lang='lat' dir='ltr'>agros,</span> <span class='ocrx_word' id='word_1_14' title='bbox 685 440 756 482; x_wconf 86' lang='lat' dir='ltr'>sed</span> <span class='ocrx_word' id='word_1_15' title='bbox 790 457 875 483; x_wconf 88' lang='lat' dir='ltr'>non</span> <span class='ocrx_word' id='word_1_16' title='bbox 915 442 1166 492; x_wconf 83' lang='lat' dir='ltr'>continuos,</span> <span class='ocrx_word' id='word_1_17' title='bbox 1204 459 1257 486; x_wconf 87' lang='lat' dir='ltr'>ne</span> <span class='ocrx_word' id='word_1_18' title='bbox 1285 445 1378 502; x_wconf 83' lang='lat' dir='ltr'>quis</span> <span class='ocrx_word' id='word_1_19' title='bbox 1415 461 1511 504; x_wconf 88' lang='lat' dir='ltr'>pos-</span> 
     </span>
     <span class='ocr_line' id='line_1_4' title="bbox 154 518 1511 580; baseline 0.002 -17"><span class='ocrx_word' id='word_1_20' title='bbox 154 536 367 563; x_wconf 79' lang='lat' dir='ltr'>sessorum</span> <span class='ocrx_word' id='word_1_21' title='bbox 407 518 706 579; x_wconf 74' lang='lat' dir='ltr'>expelleretur.</span> <span class='ocrx_word' id='word_1_22' title='bbox 743 519 910 580; x_wconf 84' lang='lat' dir='ltr'>Populo</span> <span class='ocrx_word' id='word_1_23' title='bbox 946 530 1099 580; x_wconf 81' lang='lat' dir='ltr'>proeter</span> <span class='ocrx_word' id='word_1_24' title='bbox 1135 521 1338 565; x_wconf 75' lang='lat' dir='ltr'>frumenti</span> <span class='ocrx_word' id='word_1_25' title='bbox 1379 522 1511 566; x_wconf 87' lang='lat' dir='ltr'>denos</span> 
     </span>
     <span class='ocr_line' id='line_1_5' title="bbox 156 598 1513 660; baseline 0.001 -19"><span class='ocrx_word' id='word_1_26' title='bbox 156 599 345 654; x_wconf 83' lang='lat' dir='ltr'>modios,</span> <span class='ocrx_word' id='word_1_27' title='bbox 372 615 419 642; x_wconf 80' lang='lat' dir='ltr'>ac</span> <span class='ocrx_word' id='word_1_28' title='bbox 451 598 630 642; x_wconf 88' lang='lat' dir='ltr'>totidem</span> <span class='ocrx_word' id='word_1_29' title='bbox 663 598 744 642; x_wconf 86' lang='lat' dir='ltr'>olei</span> <span class='ocrx_word' id='word_1_30' title='bbox 777 599 929 654; x_wconf 77' lang='lat' dir='ltr'>libras,</span> <span class='ocrx_word' id='word_1_31' title='bbox 962 609 1157 643; x_wconf 75' lang='lat' dir='ltr'>trecenos</span> <span class='ocrx_word' id='word_1_32' title='bbox 1186 616 1358 660; x_wconf 87' lang='lat' dir='ltr'>quoque</span> <span class='ocrx_word' id='word_1_33' title='bbox 1387 618 1513 644; x_wconf 88' lang='lat' dir='ltr'>nurn-</span> 
     </span>
     <span class='ocr_line' id='line_1_6' title="bbox 155 677 1516 738; baseline 0 -16"><span class='ocrx_word' id='word_1_34' title='bbox 155 696 272 733; x_wconf 80' lang='lat' dir='ltr'>nlOS‚</span> <span class='ocrx_word' id='word_1_35' title='bbox 303 695 410 738; x_wconf 87' lang='lat' dir='ltr'>quos</span> <span class='ocrx_word' id='word_1_36' title='bbox 443 677 660 738; x_wconf 80' lang='lat' dir='ltr'>pollicitus</span> <span class='ocrx_word' id='word_1_37' title='bbox 694 679 795 722; x_wconf 89' lang='lat' dir='ltr'>olim</span> <span class='ocrx_word' id='word_1_38' title='bbox 828 689 943 732; x_wconf 68' lang='lat' dir='ltr'>erait,</span> <span class='ocrx_word' id='word_1_39' title='bbox 978 680 1136 722; x_wconf 85' lang='lat' dir='ltr'>viritim</span> <span class='ocrx_word' id='word_1_40' title='bbox 1168 679 1332 735; x_wconf 79' lang='lat' dir='ltr'>divisit3</span> <span class='ocrx_word' id='word_1_41' title='bbox 1362 689 1404 722; x_wconf 83' lang='lat' dir='ltr'>et</span> <span class='ocrx_word' id='word_1_42' title='bbox 1435 680 1516 723; x_wconf 81' lang='lat' dir='ltr'>hoe</span> 
     </span>
     <span class='ocr_line' id='line_1_7' title="bbox 153 757 1514 819; baseline 0 -18"><span class='ocrx_word' id='word_1_43' title='bbox 153 757 361 819; x_wconf 85' lang='lat' dir='ltr'>amplius,</span> <span class='ocrx_word' id='word_1_44' title='bbox 391 768 595 802; x_wconf 85' lang='lat' dir='ltr'>centenos</span> <span class='ocrx_word' id='word_1_45' title='bbox 629 776 707 818; x_wconf 85' lang='lat' dir='ltr'>pro</span> <span class='ocrx_word' id='word_1_46' title='bbox 739 776 869 801; x_wconf 77' lang='lat' dir='ltr'>mora.</span> <span class='ocrx_word' id='word_1_47' title='bbox 901 762 1101 801; x_wconf 85' lang='lat' dir='ltr'>Anuuam</span> <span class='ocrx_word' id='word_1_48' title='bbox 1131 759 1257 801; x_wconf 85' lang='lat' dir='ltr'>etiam</span> <span class='ocrx_word' id='word_1_49' title='bbox 1286 759 1514 801; x_wconf 79' lang='lat' dir='ltr'>habitatio-</span> 
     </span>
     <span class='ocr_line' id='line_1_8' title="bbox 155 836 1514 898; baseline 0 -18"><span class='ocrx_word' id='word_1_50' title='bbox 155 854 250 881; x_wconf 85' lang='lat' dir='ltr'>nem</span> <span class='ocrx_word' id='word_1_51' title='bbox 270 841 415 882; x_wconf 84' lang='lat' dir='ltr'>Romae</span> <span class='ocrx_word' id='word_1_52' title='bbox 437 855 571 898; x_wconf 86' lang='lat' dir='ltr'>usque</span> <span class='ocrx_word' id='word_1_53' title='bbox 591 838 643 881; x_wconf 84' lang='lat' dir='ltr'>ad</span> <span class='ocrx_word' id='word_1_54' title='bbox 668 839 769 881; x_wconf 82' lang='lat' dir='ltr'>bina</span> <span class='ocrx_word' id='word_1_55' title='bbox 792 836 924 881; x_wconf 78' lang='lat' dir='ltr'>millia</span> <span class='ocrx_word' id='word_1_56' title='bbox 947 854 1197 892; x_wconf 80' lang='lat' dir='ltr'>nummum,</span> <span class='ocrx_word' id='word_1_57' title='bbox 1223 839 1264 881; x_wconf 91' lang='lat' dir='ltr'>in</span> <span class='ocrx_word' id='word_1_58' title='bbox 1285 837 1407 881; x_wconf 79' lang='lat' dir='ltr'>Italia</span> <span class='ocrx_word' id='word_1_59' title='bbox 1428 853 1514 881; x_wconf 90' lang='lat' dir='ltr'>non</span> 
     </span>
     <span class='ocr_line' id='line_1_9' title="bbox 154 916 1515 979; baseline -0.001 -18"><span class='ocrx_word' id='word_1_60' title='bbox 154 917 268 962; x_wconf 85' lang='lat' dir='ltr'>ultra</span> <span class='ocrx_word' id='word_1_61' title='bbox 307 920 546 979; x_wconf 84' lang='lat' dir='ltr'>quingenos</span> <span class='ocrx_word' id='word_1_62' title='bbox 589 919 799 962; x_wconf 82' lang='lat' dir='ltr'>sestertios</span> <span class='ocrx_word' id='word_1_63' title='bbox 836 919 1009 961; x_wconf 78' lang='lat' dir='ltr'>remisit.</span> <span class='ocrx_word' id='word_1_64' title='bbox 1050 917 1216 977; x_wconf 82' lang='lat' dir='ltr'>Adjeeit</span> <span class='ocrx_word' id='word_1_65' title='bbox 1254 916 1431 977; x_wconf 82' lang='lat' dir='ltr'>epulum</span> <span class='ocrx_word' id='word_1_66' title='bbox 1468 933 1515 960; x_wconf 82' lang='lat' dir='ltr'>ae</span> 
     </span>
     <span class='ocr_line' id='line_1_10' title="bbox 154 997 1516 1058; baseline -0.001 -18"><span class='ocrx_word' id='word_1_67' title='bbox 154 1000 494 1053; x_wconf 84' lang='lat' dir='ltr'>viscerationem,</span> <span class='ocrx_word' id='word_1_68' title='bbox 516 1008 557 1041; x_wconf 87' lang='lat' dir='ltr'>et</span> <span class='ocrx_word' id='word_1_69' title='bbox 578 1008 673 1058; x_wconf 86' lang='lat' dir='ltr'>post</span> <span class='ocrx_word' id='word_1_70' title='bbox 692 999 1016 1058; x_wconf 84' lang='lat' dir='ltr'>Hispaniensem</span> <span class='ocrx_word' id='word_1_71' title='bbox 1037 998 1260 1040; x_wconf 81' lang='lat' dir='ltr'>victoriam</span> <span class='ocrx_word' id='word_1_72' title='bbox 1278 997 1365 1040; x_wconf 92' lang='lat' dir='ltr'>duo</span> <span class='ocrx_word' id='word_1_73' title='bbox 1387 1013 1516 1057; x_wconf 89' lang='lat' dir='ltr'>pran-</span> 
     </span>
     <span class='ocr_line' id='line_1_11' title="bbox 153 1075 1514 1137; baseline -0.001 -18"><span class='ocrx_word' id='word_1_74' title='bbox 153 1077 232 1121; x_wconf 82' lang='lat' dir='ltr'>dia.</span> <span class='ocrx_word' id='word_1_75' title='bbox 264 1079 378 1123; x_wconf 84' lang='lat' dir='ltr'>Nam</span> <span class='ocrx_word' id='word_1_76' title='bbox 402 1094 537 1136; x_wconf 90' lang='lat' dir='ltr'>quum</span> <span class='ocrx_word' id='word_1_77' title='bbox 561 1077 679 1137; x_wconf 88' lang='lat' dir='ltr'>prius</span> <span class='ocrx_word' id='word_1_78' title='bbox 704 1094 852 1137; x_wconf 82' lang='lat' dir='ltr'>parce,</span> <span class='ocrx_word' id='word_1_79' title='bbox 885 1094 1024 1136; x_wconf 87' lang='lat' dir='ltr'>neque</span> <span class='ocrx_word' id='word_1_80' title='bbox 1055 1094 1134 1136; x_wconf 87' lang='lat' dir='ltr'>pro</span> <span class='ocrx_word' id='word_1_81' title='bbox 1159 1075 1413 1119; x_wconf 80' lang='lat' dir='ltr'>liberalitate</span> <span class='ocrx_word' id='word_1_82' title='bbox 1440 1092 1514 1119; x_wconf 84' lang='lat' dir='ltr'>sua</span> 
     </span>
     <span class='ocr_line' id='line_1_12' title="bbox 154 1154 1514 1217; baseline -0.001 -18"><span class='ocrx_word' id='word_1_83' title='bbox 154 1157 379 1217; x_wconf 82' lang='lat' dir='ltr'>praebitum</span> <span class='ocrx_word' id='word_1_84' title='bbox 408 1156 646 1215; x_wconf 78' lang='lat' dir='ltr'>judiearet,</span> <span class='ocrx_word' id='word_1_85' title='bbox 675 1157 828 1215; x_wconf 87' lang='lat' dir='ltr'>quinto</span> <span class='ocrx_word' id='word_1_86' title='bbox 855 1167 948 1215; x_wconf 88' lang='lat' dir='ltr'>post</span> <span class='ocrx_word' id='word_1_87' title='bbox 978 1156 1046 1198; x_wconf 91' lang='lat' dir='ltr'>die</span> <span class='ocrx_word' id='word_1_88' title='bbox 1075 1154 1192 1198; x_wconf 77' lang='lat' dir='ltr'>aliud</span> <span class='ocrx_word' id='word_1_89' title='bbox 1226 1154 1514 1214; x_wconf 77' lang='lat' dir='ltr'>largissimum</span> 
     </span>
     <span class='ocr_line' id='line_1_13' title="bbox 154 1236 349 1294; baseline -0.01 -15"><span class='ocrx_word' id='word_1_90' title='bbox 154 1236 349 1294; x_wconf 82' lang='lat' dir='ltr'>praebuit.</span> 
     </span>
    </p>

    <p class='ocr_par' dir='ltr' id='par_1_2' title="bbox 150 1315 1522 2646">
     <span class='ocr_line' id='line_1_14' title="bbox 219 1315 1517 1375; baseline 0.001 -18"><span class='ocrx_word' id='word_1_91' title='bbox 219 1317 421 1358; x_wconf 74' lang='lat' dir='ltr'>XXXIX.</span> <span class='ocrx_word' id='word_1_92' title='bbox 462 1315 603 1359; x_wconf 84' lang='lat' dir='ltr'>Edidit</span> <span class='ocrx_word' id='word_1_93' title='bbox 631 1316 873 1374; x_wconf 73' lang='lat' dir='ltr'>spectacula</span> <span class='ocrx_word' id='word_1_94' title='bbox 898 1319 1000 1358; x_wconf 80' lang='lat' dir='ltr'>varii</span> <span class='ocrx_word' id='word_1_95' title='bbox 1024 1319 1190 1375; x_wconf 76' lang='lat' dir='ltr'>generis</span> <span class='ocrx_word' id='word_1_96' title='bbox 1216 1334 1222 1358; x_wconf 90' lang='lat'>:</span> <span class='ocrx_word' id='word_1_97' title='bbox 1249 1332 1407 1358; x_wconf 88' lang='lat' dir='ltr'>munus</span> <span class='ocrx_word' id='word_1_98' title='bbox 1431 1315 1517 1375; x_wconf 80' lang='lat' dir='ltr'>gla-</span> 
     </span>
     <span class='ocr_line' id='line_1_15' title="bbox 153 1394 1515 1454; baseline 0 -18"><span class='ocrx_word' id='word_1_99' title='bbox 153 1395 412 1447; x_wconf 78' lang='lat' dir='ltr'>diatorium3</span> <span class='ocrx_word' id='word_1_100' title='bbox 438 1394 562 1437; x_wconf 81' lang='lat' dir='ltr'>ludos</span> <span class='ocrx_word' id='word_1_101' title='bbox 585 1395 712 1437; x_wconf 77' lang='lat' dir='ltr'>etiam</span> <span class='ocrx_word' id='word_1_102' title='bbox 736 1396 989 1454; x_wconf 82' lang='lat' dir='ltr'>regionatim</span> <span class='ocrx_word' id='word_1_103' title='bbox 1016 1396 1119 1437; x_wconf 85' lang='lat' dir='ltr'>urbe</span> <span class='ocrx_word' id='word_1_104' title='bbox 1144 1405 1252 1446; x_wconf 78' lang='lat' dir='ltr'>tota,</span> <span class='ocrx_word' id='word_1_105' title='bbox 1277 1405 1316 1438; x_wconf 91' lang='lat' dir='ltr'>et</span> <span class='ocrx_word' id='word_1_106' title='bbox 1343 1395 1515 1453; x_wconf 86' lang='lat' dir='ltr'>quidem</span> 
     </span>
     <span class='ocr_line' id='line_1_16' title="bbox 153 1472 1518 1534; baseline -0.001 -18"><span class='ocrx_word' id='word_1_107' title='bbox 153 1490 228 1532; x_wconf 86' lang='lat' dir='ltr'>per</span> <span class='ocrx_word' id='word_1_108' title='bbox 251 1474 445 1516; x_wconf 89' lang='lat' dir='ltr'>omnium</span> <span class='ocrx_word' id='word_1_109' title='bbox 466 1474 713 1534; x_wconf 81' lang='lat' dir='ltr'>linguarum</span> <span class='ocrx_word' id='word_1_110' title='bbox 733 1474 985 1526; x_wconf 83' lang='lat' dir='ltr'>histriones;</span> <span class='ocrx_word' id='word_1_111' title='bbox 1009 1475 1107 1516; x_wconf 86' lang='lat' dir='ltr'>item</span> <span class='ocrx_word' id='word_1_112' title='bbox 1124 1475 1367 1521; x_wconf 73' lang='lat' dir='ltr'>Circenses,</span> <span class='ocrx_word' id='word_1_113' title='bbox 1387 1472 1518 1515; x_wconf 82' lang='lat' dir='ltr'>athle-</span> 
     </span>
     <span class='ocr_line' id='line_1_17' title="bbox 152 1554 1517 1614; baseline -0.001 -17"><span class='ocrx_word' id='word_1_114' title='bbox 152 1564 241 1608; x_wconf 80' lang='lat' dir='ltr'>tas,</span> <span class='ocrx_word' id='word_1_115' title='bbox 281 1555 594 1597; x_wconf 85' lang='lat' dir='ltr'>naumachiam.</span> <span class='ocrx_word' id='word_1_116' title='bbox 634 1556 817 1597; x_wconf 81' lang='lat' dir='ltr'>Munere</span> <span class='ocrx_word' id='word_1_117' title='bbox 853 1555 894 1596; x_wconf 84' lang='lat' dir='ltr'>in</span> <span class='ocrx_word' id='word_1_118' title='bbox 933 1554 1025 1597; x_wconf 82' lang='lat' dir='ltr'>soro</span> <span class='ocrx_word' id='word_1_119' title='bbox 1061 1554 1325 1614; x_wconf 76' lang='lat' dir='ltr'>depugnavit</span> <span class='ocrx_word' id='word_1_120' title='bbox 1364 1554 1517 1595; x_wconf 82' lang='lat' dir='ltr'>Furius</span> 
     </span>
     <span class='ocr_line' id='line_1_18' title="bbox 153 1632 1518 1694; baseline -0.001 -18"><span class='ocrx_word' id='word_1_121' title='bbox 153 1635 387 1694; x_wconf 76' lang='lat' dir='ltr'>Leptinus,</span> <span class='ocrx_word' id='word_1_122' title='bbox 431 1634 563 1693; x_wconf 77' lang='lat' dir='ltr'>stirpe</span> <span class='ocrx_word' id='word_1_123' title='bbox 608 1635 834 1694; x_wconf 70' lang='lat' dir='ltr'>praetoria,</span> <span class='ocrx_word' id='word_1_124' title='bbox 877 1644 916 1676; x_wconf 84' lang='lat' dir='ltr'>et</span> <span class='ocrx_word' id='word_1_125' title='bbox 962 1638 1018 1690; x_wconf 86' lang='lat' dir='ltr'>Q.</span> <span class='ocrx_word' id='word_1_126' title='bbox 1062 1632 1306 1693; x_wconf 82' lang='lat' dir='ltr'>Calpenus,</span> <span class='ocrx_word' id='word_1_127' title='bbox 1347 1643 1518 1675; x_wconf 83' lang='lat' dir='ltr'>senator</span> 
     </span>
     <span class='ocr_line' id='line_1_19' title="bbox 151 1711 1517 1773; baseline -0.001 -18"><span class='ocrx_word' id='word_1_128' title='bbox 151 1713 396 1772; x_wconf 83' lang='lat' dir='ltr'>quondam,</span> <span class='ocrx_word' id='word_1_129' title='bbox 429 1723 634 1772; x_wconf 85' lang='lat' dir='ltr'>actorque</span> <span class='ocrx_word' id='word_1_130' title='bbox 665 1730 907 1756; x_wconf 78' lang='lat' dir='ltr'>causarum.</span> <span class='ocrx_word' id='word_1_131' title='bbox 942 1713 1221 1773; x_wconf 79' lang='lat' dir='ltr'>Pyrrbiebam</span> <span class='ocrx_word' id='word_1_132' title='bbox 1253 1711 1517 1756; x_wconf 77' lang='lat' dir='ltr'>saltaverunt</span> 
     </span>
     <span class='ocr_line' id='line_1_20' title="bbox 156 1791 1515 1853; baseline -0.001 -18"><span class='ocrx_word' id='word_1_133' title='bbox 156 1794 261 1835; x_wconf 65' lang='lat' dir='ltr'>Asiae</span> <span class='ocrx_word' id='word_1_134' title='bbox 285 1793 579 1853; x_wconf 84' lang='lat' dir='ltr'>Bitliyniaeque</span> <span class='ocrx_word' id='word_1_135' title='bbox 603 1794 850 1853; x_wconf 81' lang='lat' dir='ltr'>principum</span> <span class='ocrx_word' id='word_1_136' title='bbox 878 1791 1014 1835; x_wconf 88' lang='lat' dir='ltr'>liberi.</span> <span class='ocrx_word' id='word_1_137' title='bbox 1042 1792 1175 1835; x_wconf 90' lang='lat' dir='ltr'>Ludis</span> <span class='ocrx_word' id='word_1_138' title='bbox 1205 1793 1407 1835; x_wconf 83' lang='lat' dir='ltr'>Decimus</span> <span class='ocrx_word' id='word_1_139' title='bbox 1432 1793 1515 1834; x_wconf 83' lang='lat' dir='ltr'>La-</span> 
     </span>
     <span class='ocr_line' id='line_1_21' title="bbox 151 1872 1518 1931; baseline 0 -18"><span class='ocrx_word' id='word_1_140' title='bbox 151 1872 315 1926; x_wconf 81' lang='lat' dir='ltr'>berius,</span> <span class='ocrx_word' id='word_1_141' title='bbox 341 1889 469 1931; x_wconf 79' lang='lat' dir='ltr'>eques</span> <span class='ocrx_word' id='word_1_142' title='bbox 497 1890 724 1927; x_wconf 82' lang='lat' dir='ltr'>romanus⁷</span> <span class='ocrx_word' id='word_1_143' title='bbox 747 1874 925 1915; x_wconf 85' lang='lat' dir='ltr'>mimum</span> <span class='ocrx_word' id='word_1_144' title='bbox 956 1889 1080 1915; x_wconf 82' lang='lat' dir='ltr'>suum</span> <span class='ocrx_word' id='word_1_145' title='bbox 1106 1873 1188 1931; x_wconf 82' lang='lat' dir='ltr'>egit</span> <span class='ocrx_word' id='word_1_146' title='bbox 1215 1889 1222 1914; x_wconf 91' lang='lat'><strong>:</strong></span> <span class='ocrx_word' id='word_1_147' title='bbox 1247 1872 1518 1930; x_wconf 78' lang='lat' dir='ltr'>donatusque</span> 
     </span>
     <span class='ocr_line' id='line_1_22' title="bbox 150 1951 1518 2010; baseline 0 -18"><span class='ocrx_word' id='word_1_148' title='bbox 150 1951 396 2010; x_wconf 83' lang='lat' dir='ltr'>quingentis</span> <span class='ocrx_word' id='word_1_149' title='bbox 417 1953 621 1995; x_wconf 80' lang='lat' dir='ltr'>sestertiis</span> <span class='ocrx_word' id='word_1_150' title='bbox 643 1962 683 1995; x_wconf 88' lang='lat' dir='ltr'>et</span> <span class='ocrx_word' id='word_1_151' title='bbox 705 1952 869 1995; x_wconf 81' lang='lat' dir='ltr'>annulo</span> <span class='ocrx_word' id='word_1_152' title='bbox 885 1969 1037 2007; x_wconf 79' lang='lat' dir='ltr'>aureo,</span> <span class='ocrx_word' id='word_1_153' title='bbox 1057 1966 1217 1993; x_wconf 84' lang='lat' dir='ltr'>sessum</span> <span class='ocrx_word' id='word_1_154' title='bbox 1246 1952 1285 1993; x_wconf 93' lang='lat' dir='ltr'>iu</span> <span class='ocrx_word' id='word_1_155' title='bbox 1311 1960 1518 2010; x_wconf 83' lang='lat' dir='ltr'>quatuor-</span> 
     </span>
     <span class='ocr_line' id='line_1_23' title="bbox 151 2031 1517 2093; baseline -0.001 -20"><span class='ocrx_word' id='word_1_156' title='bbox 151 2031 286 2074; x_wconf 85' lang='lat' dir='ltr'>deeim</span> <span class='ocrx_word' id='word_1_157' title='bbox 329 2049 351 2074; x_wconf 89' lang='lat' dir='ltr'>e</span> <span class='ocrx_word' id='word_1_158' title='bbox 391 2049 518 2076; x_wconf 84' lang='lat' dir='ltr'>scena</span> <span class='ocrx_word' id='word_1_159' title='bbox 564 2050 637 2093; x_wconf 80' lang='lat' dir='ltr'>per</span> <span class='ocrx_word' id='word_1_160' title='bbox 681 2034 946 2076; x_wconf 82' lang='lat' dir='ltr'>orchestram</span> <span class='ocrx_word' id='word_1_161' title='bbox 993 2031 1517 2084; x_wconf 74' lang='lat' dir='ltr'>transiit.&#39;Cn-rensibus,</span> 
     </span>
     <span class='ocr_line' id='line_1_24' title="bbox 153 2111 1516 2172; baseline -0.001 -20"><span class='ocrx_word' id='word_1_162' title='bbox 153 2111 290 2169; x_wconf 80' lang='lat' dir='ltr'>spatio</span> <span class='ocrx_word' id='word_1_163' title='bbox 327 2113 427 2154; x_wconf 88' lang='lat' dir='ltr'>circi</span> <span class='ocrx_word' id='word_1_164' title='bbox 465 2112 517 2155; x_wconf 82' lang='lat' dir='ltr'>ab</span> <span class='ocrx_word' id='word_1_165' title='bbox 555 2122 737 2172; x_wconf 83' lang='lat' dir='ltr'>utraque</span> <span class='ocrx_word' id='word_1_166' title='bbox 772 2123 893 2172; x_wconf 80' lang='lat' dir='ltr'>parte</span> <span class='ocrx_word' id='word_1_167' title='bbox 934 2112 1171 2172; x_wconf 76' lang='lat' dir='ltr'>producto,</span> <span class='ocrx_word' id='word_1_168' title='bbox 1208 2121 1244 2153; x_wconf 81' lang='lat' dir='ltr'>et</span> <span class='ocrx_word' id='word_1_169' title='bbox 1286 2112 1326 2152; x_wconf 90' lang='lat' dir='ltr'>in</span> <span class='ocrx_word' id='word_1_170' title='bbox 1364 2126 1516 2170; x_wconf 81' lang='lat' dir='ltr'>gyrum</span> 
     </span>
     <span class='ocr_line' id='line_1_25' title="bbox 152 2189 1518 2253; baseline 0 -22"><span class='ocrx_word' id='word_1_171' title='bbox 152 2191 303 2249; x_wconf 85' lang='lat' dir='ltr'>euripo</span> <span class='ocrx_word' id='word_1_172' title='bbox 328 2190 475 2234; x_wconf 88' lang='lat' dir='ltr'>addito</span> <span class='ocrx_word' id='word_1_173' title='bbox 493 2226 503 2245; x_wconf 85' lang='lat'>‚</span> <span class='ocrx_word' id='word_1_174' title='bbox 534 2192 765 2253; x_wconf 71' lang='lat' dir='ltr'>quadrigas</span> <span class='ocrx_word' id='word_1_175' title='bbox 796 2193 1002 2252; x_wconf 84' lang='lat' dir='ltr'>bigasque</span> <span class='ocrx_word' id='word_1_176' title='bbox 1028 2202 1065 2234; x_wconf 87' lang='lat' dir='ltr'>et</span> <span class='ocrx_word' id='word_1_177' title='bbox 1099 2208 1231 2251; x_wconf 78' lang='lat' dir='ltr'>equos</span> <span class='ocrx_word' id='word_1_178' title='bbox 1259 2189 1518 2233; x_wconf 84' lang='lat' dir='ltr'>desultorios</span> 
     </span>
     <span class='ocr_line' id='line_1_26' title="bbox 152 2268 1519 2330; baseline 0 -20"><span class='ocrx_word' id='word_1_179' title='bbox 152 2270 423 2328; x_wconf 82' lang='lat' dir='ltr'>agitaverunt</span> <span class='ocrx_word' id='word_1_180' title='bbox 451 2270 702 2313; x_wconf 85' lang='lat' dir='ltr'>nobilissimi</span> <span class='ocrx_word' id='word_1_181' title='bbox 727 2272 920 2330; x_wconf 87' lang='lat' dir='ltr'>juvenes.</span> <span class='ocrx_word' id='word_1_182' title='bbox 947 2273 1121 2330; x_wconf 83' lang='lat' dir='ltr'>Trojam</span> <span class='ocrx_word' id='word_1_183' title='bbox 1147 2271 1244 2313; x_wconf 86' lang='lat' dir='ltr'>lusit</span> <span class='ocrx_word' id='word_1_184' title='bbox 1273 2281 1415 2313; x_wconf 82' lang='lat' dir='ltr'>turma</span> <span class='ocrx_word' id='word_1_185' title='bbox 1441 2268 1519 2311; x_wconf 92' lang='lat' dir='ltr'>du-</span> 
     </span>
     <span class='ocr_line' id='line_1_27' title="bbox 152 2347 1520 2409; baseline -0.001 -19"><span class='ocrx_word' id='word_1_186' title='bbox 152 2347 269 2407; x_wconf 81' lang='lat' dir='ltr'>plex,</span> <span class='ocrx_word' id='word_1_187' title='bbox 286 2348 500 2407; x_wconf 86' lang='lat' dir='ltr'>majorum</span> <span class='ocrx_word' id='word_1_188' title='bbox 520 2349 824 2408; x_wconf 89' lang='lat' dir='ltr'>minorumque</span> <span class='ocrx_word' id='word_1_189' title='bbox 846 2367 1094 2409; x_wconf 87' lang='lat' dir='ltr'>puerorum.</span> <span class='ocrx_word' id='word_1_190' title='bbox 1118 2351 1378 2392; x_wconf 86' lang='lat' dir='ltr'>Venationes</span> <span class='ocrx_word' id='word_1_191' title='bbox 1397 2348 1520 2391; x_wconf 73' lang='lat' dir='ltr'>editae</span> 
     </span>
     <span class='ocr_line' id='line_1_28' title="bbox 153 2427 1520 2487; baseline 0 -19"><span class='ocrx_word' id='word_1_192' title='bbox 153 2443 228 2486; x_wconf 81' lang='lat' dir='ltr'>per</span> <span class='ocrx_word' id='word_1_193' title='bbox 259 2427 349 2470; x_wconf 83' lang='lat' dir='ltr'>dies</span> <span class='ocrx_word' id='word_1_194' title='bbox 383 2429 601 2487; x_wconf 88' lang='lat' dir='ltr'>quinque,</span> <span class='ocrx_word' id='word_1_195' title='bbox 638 2446 685 2471; x_wconf 76' lang='lat' dir='ltr'>nc</span> <span class='ocrx_word' id='word_1_196' title='bbox 723 2428 952 2470; x_wconf 77' lang='lat' dir='ltr'>novissime</span> <span class='ocrx_word' id='word_1_197' title='bbox 989 2445 1133 2487; x_wconf 86' lang='lat' dir='ltr'>pugna</span> <span class='ocrx_word' id='word_1_198' title='bbox 1168 2428 1302 2470; x_wconf 85' lang='lat' dir='ltr'>divisa</span> <span class='ocrx_word' id='word_1_199' title='bbox 1339 2429 1378 2470; x_wconf 90' lang='lat' dir='ltr'>in</span> <span class='ocrx_word' id='word_1_200' title='bbox 1414 2427 1520 2469; x_wconf 84' lang='lat' dir='ltr'>duas</span> 
     </span>
     <span class='ocr_line' id='line_1_29' title="bbox 152 2507 1521 2568; baseline -0.001 -19"><span class='ocrx_word' id='word_1_201' title='bbox 152 2508 286 2560; x_wconf 77' lang='lat' dir='ltr'>aeies3</span> <span class='ocrx_word' id='word_1_202' title='bbox 321 2508 548 2567; x_wconf 80' lang='lat' dir='ltr'>quingenis</span> <span class='ocrx_word' id='word_1_203' title='bbox 585 2509 826 2568; x_wconf 73' lang='lat' dir='ltr'>peditibus,</span> <span class='ocrx_word' id='word_1_204' title='bbox 862 2508 1101 2567; x_wconf 73' lang='lat' dir='ltr'>elephantis</span> <span class='ocrx_word' id='word_1_205' title='bbox 1137 2508 1317 2561; x_wconf 81' lang='lat' dir='ltr'>vicenis,</span> <span class='ocrx_word' id='word_1_206' title='bbox 1353 2507 1521 2549; x_wconf 82' lang='lat' dir='ltr'>tricenis</span> 
     </span>
     <span class='ocr_line' id='line_1_30' title="bbox 153 2584 1522 2646; baseline -0.001 -19"><span class='ocrx_word' id='word_1_207' title='bbox 153 2587 369 2645; x_wconf 75' lang='lat' dir='ltr'>equitibus</span> <span class='ocrx_word' id='word_1_208' title='bbox 397 2587 556 2631; x_wconf 51' lang='lat' dir='ltr'>luntzel</span> <span class='ocrx_word' id='word_1_209' title='bbox 589 2588 684 2631; x_wconf 75' lang='lat' dir='ltr'>inde</span> <span class='ocrx_word' id='word_1_210' title='bbox 710 2590 959 2631; x_wconf 76' lang='lat' dir='ltr'>connnissis.</span> <span class='ocrx_word' id='word_1_211' title='bbox 989 2590 1098 2631; x_wconf 77' lang='lat' dir='ltr'>Nam</span> <span class='ocrx_word' id='word_1_212' title='bbox 1124 2604 1210 2646; x_wconf 84' lang='lat' dir='ltr'>quo</span> <span class='ocrx_word' id='word_1_213' title='bbox 1238 2584 1374 2628; x_wconf 76' lang='lat' dir='ltr'>laxius</span> <span class='ocrx_word' id='word_1_214' title='bbox 1399 2585 1522 2627; x_wconf 82' lang='lat' dir='ltr'>dimi-</span> 
     </span>
    </p>
   </div>
   <div class='ocr_carea' id='block_1_2' title="bbox 154 2667 1518 2728">
    <p class='ocr_par' dir='ltr' id='par_1_3' title="bbox 154 2667 1518 2728">
     <span class='ocr_line' id='line_1_31' title="bbox 154 2667 1518 2728; baseline -0.001 -19"><span class='ocrx_word' id='word_1_215' title='bbox 154 2677 347 2720; x_wconf 65' lang='lat' dir='ltr'>ran-etur,</span> <span class='ocrx_word' id='word_1_216' title='bbox 375 2667 551 2710; x_wconf 63' lang='lat' dir='ltr'>sublata&gt;</span> <span class='ocrx_word' id='word_1_217' title='bbox 579 2678 720 2722; x_wconf 63' lang='lat' dir='ltr'>metir,</span> <span class='ocrx_word' id='word_1_218' title='bbox 752 2670 878 2728; x_wconf 67' lang='lat' dir='ltr'>inqui·</span> <span class='ocrx_word' id='word_1_219' title='bbox 906 2685 1052 2711; x_wconf 81' lang='lat' dir='ltr'>carum</span> <span class='ocrx_word' id='word_1_220' title='bbox 1085 2668 1224 2716; x_wconf 74' lang='lat' dir='ltr'>lorum</span> <span class='ocrx_word' id='word_1_221' title='bbox 1254 2667 1353 2709; x_wconf 82' lang='lat' dir='ltr'>bina</span> <span class='ocrx_word' id='word_1_222' title='bbox 1385 2674 1518 2707; x_wconf 74' lang='lat' dir='ltr'>castra</span> 
     </span>
    </p>
   </div>
  </div>
 </body>
</html>
