1971 3342
439 218 452 241 2
465 207 510 249 34
1057 209 1207 244 NOTAE

489 286 770 321 Decedentibus.
792 286 836 320 H.
859 298 889 320 e.
917 285 1149 321 cedentibus.

492 355 670 404 Unquam.
698 356 766 391 Illa
786 354 970 404 restringe
1001 355 1050 391 ad
1076 362 1246 403 tempora
1272 362 1356 390 ante
1396 355 1591 402 Caesarern3
1622 369 1710 393 nam
1737 366 1825 406 post

434 417 514 463 ejus
533 429 724 454 excessum
751 430 794 453 ea
815 429 875 453 res
897 429 977 452 non
998 417 1132 452 habuit
1159 416 1332 453 modum.

489 479 802 527 Supplicationes.
843 499 894 504 —
928 478 1162 525 Supplicatio
1193 485 1274 513 erat
1299 477 1452 526 publica
1476 480 1681 528 gratiarum
1709 481 1825 527 actio;

431 551 566 588 nempe
597 553 718 589 quum
744 546 892 576 senatus
914 540 1103 587 populum
1128 539 1241 575 deum
1261 540 1400 587 templa
1421 539 1588 587 aperire,
1615 554 1657 577 ac
1686 542 1825 592 gratias

432 599 503 637 diis
536 600 775 649 imperatoris
809 600 962 636 nomine
995 613 1104 649 agere
1129 601 1299 648 jubebat.
1340 601 1438 636 Vide
1462 602 1624 648 Smoxm,
1656 604 1703 639 de
1734 605 1822 640 Iure

428 676 532 711 prov.
541 690 553 707 ,
578 676 611 699 11
623 693 633 710 ,
662 677 693 700 1.

483 734 571 771 CAP.
592 734 720 771 XXV.
748 735 936 770 Formam.
953 735 998 769 In
1016 734 1221 781 provinciae
1240 735 1409 770 formam.
1420 735 1607 785 redigitur
1627 736 1733 786 regio
1752 736 1823 773 de-

428 795 527 832 vieta
537 825 547 842 ‚
562 796 622 832 cui
639 796 826 832 tributum
838 795 1048 843 imponitur
1062 824 1071 841 ,
1084 797 1201 846 leges,
1215 796 1347 844 patriis
1360 797 1506 846 legibus
1529 798 1697 844 abolitis,
1719 811 1739 834 a
1757 799 1820 834 vi-

430 864 534 894 ctore
561 859 756 903 feruntur3
783 865 820 893 et
852 857 919 905 qui
945 857 1046 893 illam
1064 857 1117 893 ita
1143 865 1269 907 regat,
1296 865 1339 893 ut
1361 865 1398 893 et
1417 858 1479 905 jus
1507 858 1546 894 in
1571 860 1823 897 conventibus

430 919 549 965 dicat,
581 926 617 956 et
650 919 740 956 belli
767 919 923 968 gerendi
950 931 1059 954 causa
1090 919 1290 967 imperium
1314 920 1468 965 habeat,
1490 928 1631 968 praetor
1655 921 1821 958 additur.

428 981 583 1027 SIGOR„
601 982 647 1016 de
668 983 754 1016 Ant.
769 980 988 1029 junprov„
1012 994 1047 1026 1,
1074 994 1104 1016 1.

481 1052 570 1087 Cap.
590 1051 737 1086 XXVI.
753 1052 914 1086 Fert-em.
941 1051 1124 1087 Solemnis
1146 1051 1309 1097 locutio,
1332 1064 1451 1099 quum
1472 1064 1562 1088 coss.
1588 1059 1653 1087 aut
1675 1060 1821 1100 praeto-

428 1125 487 1149 res
519 1113 558 1147 in
587 1112 747 1147 comitiis
771 1111 916 1159 aliquid
934 1119 1180 1160 proponunt,
1199 1113 1425 1160 populoque
1445 1120 1486 1148 ut
1512 1112 1552 1148 id
1573 1112 1661 1150 fieri
1671 1114 1822 1161 jubeat,

427 1174 597 1210 suadent.
620 1174 700 1209 Liv.
717 1202 726 1219 ,
752 1185 874 1219 xxu1,
895 1174 944 1209 30
964 1187 973 1209 :
996 1173 1186 1210 «Senatus
1208 1173 1393 1219 decrevit,
1414 1180 1457 1208 ut
1493 1174 1549 1209 Ti.
1573 1175 1820 1223 Sempronius

427 1237 559 1272 consul
578 1235 794 1284 designatus
808 1263 818 1281 ,
842 1248 962 1282 quum
976 1235 1142 1282 primum
1161 1234 1420 1284 magistratum
1439 1235 1584 1281 inisset,
1611 1236 1661 1272 ad
1687 1250 1820 1285 popu—

427 1300 506 1334 lum
527 1299 664 1343 ferret,
684 1304 746 1343 ut,
762 1305 830 1333 etc.
858 1314 870 1327 »-

481 1362 625 1396 For-um.
648 1360 791 1395 Forum
814 1359 983 1404 Caesaris,
1005 1359 1056 1395 sic
1077 1359 1221 1394 dictum
1241 1358 1287 1394 de
1301 1358 1455 1394 nomine.
1478 1359 1699 1396 conditoris.
1724 1359 1820 1406 Dio,

425 1435 511 1469 XLV,
524 1435 562 1470 p.
587 1427 661 1465 224
687 1428 772 1464 εΤὴν
787 1427 848 1472 γὰρ
863 1426 980 1472 ἀγορὰν
998 1427 1054 1463 τὴν
1078 1427 1134 1458 ἀπ’
1150 1427 1246 1459 αὐτοῦ
1263 1427 1458 1471 κεκλῃμένην
1475 1428 1758 1464 κατεσκευάσατο.

478 1493 631 1528 Millies.
652 1492 736 1527 Scil.
761 1498 918 1526 centena
938 1490 1074 1535 millia,
1099 1497 1142 1524 ut
1164 1502 1310 1537 semper
1334 1490 1373 1524 in
1394 1490 1464 1526 hac
1488 1490 1640 1526 dicendi
1658 1491 1790 1528 forma.

478 1556 627 1590 Munus.
650 1554 735 1590 Scil.
763 1552 1047 1602 gladiatorium,
1068 1551 1177 1600 quod
1193 1552 1321 1587 Nostr.
1342 1552 1448 1587 addit
1467 1564 1598 1599 supra,
1620 1565 1654 1588 x.

479 1626 752 1672 Epulumque...
772 1636 890 1658 nemo.
912 1624 956 1658 In
968 1622 1141 1658 virorum
1158 1622 1376 1657 memoriam
1392 1650 1401 1667 ‚
1423 1623 1536 1669 epulo
1558 1623 1714 1669 publico
1733 1625 1818 1671 ple-

423 1687 509 1723 bem
530 1686 704 1734 excipere
717 1687 846 1721 Romae
871 1686 1037 1720 solemne
1065 1691 1166 1728 erat3
1190 1696 1388 1731 nunquam
1411 1697 1504 1719 vero
1531 1684 1570 1718 in
1593 1684 1818 1722 feminarum

424 1750 608 1785 honorem
631 1755 717 1783 ante
743 1749 931 1783 Caesarem.

483 1812 677 1847 Oblocaza.
707 1812 820 1845 Certo
838 1808 982 1856 pretio,
1009 1815 1051 1842 ut
1074 1808 1136 1843 illa
1160 1814 1359 1855 pararent,
1387 1807 1576 1843 mandata.

477 1872 770 1908 Domesticatim.
793 1873 864 1906 Per
886 1869 1043 1914 amicos,
1070 1869 1221 1905 clientes
1246 1876 1283 1905 et
1310 1869 1508 1905 libertinos
1532 1882 1630 1906 suos.

480 1943 627 1990 Infestis
654 1942 934 1990 spectatoribus.
963 1942 1008 1976 H.
1036 1954 1067 1976 e.
1098 1940 1176 1975 sine
1203 1940 1453 1987 spectantium
1479 1940 1610 1976 favore
1637 1953 1645 1975 :
1672 1941 1814 1977 horum

423 2006 522 2041 enim
538 2005 644 2052 jussu
664 2003 908 2053 gladiatores,
928 2003 958 2038 si
983 2002 1106 2037 minus
1125 2001 1344 2049 placebant,
1366 2001 1669 2037 trucidabantur.
1692 2003 1814 2039 Jube—

422 2069 513 2103 bant
543 2068 615 2102 hoc
651 2078 820 2100 converso
844 2066 983 2112 pollice
1016 2078 1026 2097 .·
1064 2063 1203 2099 favoris
1239 2069 1362 2098 autem
1387 2063 1536 2112 signum
1569 2070 1649 2098 erat
1679 2066 1815 2112 pollex

417 2142 582 2177 pressus.

474 2192 698 2238 Rapiendos.
717 2191 761 2225 H.
779 2202 809 2223 e.
830 2187 1035 2223 discrimini
1058 2186 1343 2231 subducendos,
1366 2186 1441 2222 scil.
1463 2194 1505 2221 ut
1526 2199 1683 2232 munus,
1702 2189 1811 2236 quod

420 2253 600 2300 parabat,
626 2249 925 2299 magnificentius
947 2249 1085 2284 ederet.

482 2315 649 2350 Tirones.
675 2314 722 2348 H.
751 2325 782 2347 e.
806 2311 894 2347 artis
919 2310 1150 2360 gladiatoriae
1175 2311 1298 2346 adhuc
1325 2310 1449 2345 rudes.

477 2378 660 2412 Lanistas.
685 2374 843 2410 Lanistae
867 2374 1009 2409 tirones
1037 2374 1226 2409 docebant
1250 2380 1367 2408 artem
1387 2372 1659 2422 gladiatoriam.

476 2439 633 2473 Dictata.
661 2437 761 2473 Artis
786 2436 1016 2486 gladiatoriae
1042 2444 1248 2484 praecepta,
1274 2448 1410 2482 nempe
1439 2442 1482 2470 ut
1508 2434 1660 2470 exhibet
1689 2433 1806 2478 Hirt.‚

419 2502 466 2535 cle
486 2501 582 2535 Bell.
610 2498 750 2545 Afric„
777 2511 818 2544 71
834 2526 843 2543 ,
869 2501 887 2542 ς
910 2510 930 2532 2
957 2510 964 2531 ε
989 2514 1003 2529 «
1035 2500 1123 2542 Quo
1142 2498 1240 2545 pede
1267 2511 1304 2533 se
1324 2497 1536 2545 reciperent
1561 2497 1608 2532 ab
1627 2496 1754 2539 hoste,
1774 2502 1810 2530 et

420 2574 533 2609 quem
553 2560 601 2597 ad
620 2560 776 2597 modum
803 2559 952 2596 obversi
971 2559 1210 2606 adversariis,
1236 2567 1272 2595 et
1292 2559 1330 2594 in
1351 2560 1537 2607 quantulo
1563 2557 1684 2605 spatio
1713 2556 1807 2591 resi-

419 2630 577 2668 sterent,
604 2623 719 2658 modo
742 2629 1035 2670 procurrerent,
1060 2621 1172 2657 modo
1201 2621 1438 2665 recederent,
1464 2620 1807 2656 comminarentur—
