1971 3342
456 222 525 270 ‘198
985 222 1024 256 c.
1053 221 1283 258 sumonn

454 304 664 348 machinis
694 302 914 347 labefactis
947 304 1124 364 opifices
1160 304 1426 366 diffugerint.
1464 305 1807 366 Supervenitque

452 383 570 428 illico
588 382 765 444 quidam
783 383 954 428 Cassius
973 399 1147 443 quoque
1168 385 1362 441 nomine,
1379 384 1547 445 jussum
1571 399 1615 428 se
1638 384 1808 429 somnio

453 462 704 518 affirmans,
742 461 965 506 immolare
997 471 1171 507 taurum
1207 463 1318 507 Jovi.
1353 461 1616 524 Capitolium
1648 465 1809 523 Capuae

454 541 596 586 idibus
628 542 793 586 martiis
829 541 883 585 de
918 540 1025 586 coelo
1058 551 1220 586 tactum
1255 552 1319 586 est
1352 559 1361 585 :
1394 543 1496 586 item
1527 544 1675 586 Romae
1704 540 1811 585 cella

453 620 639 671 Palatini
684 621 893 665 atriensis.
933 622 1026 665 Nec
1070 620 1332 677 defuerunt,
1371 622 1445 681 qui
1487 621 1810 681 conjectarent,

454 700 592 744 altero
616 710 786 745 ostento
807 699 1048 761 periculum
1071 717 1095 744 a
1119 700 1370 744 custodibus
1390 700 1566 744 domino
1588 699 1812 761 portendi,

457 779 593 823 altero
609 814 620 836 ,
646 779 807 824 caedem
835 796 985 824 rursus
1010 779 1244 840 insignem,
1270 778 1407 839 qualis
1430 780 1581 824 eodem
1607 779 1675 824 die
1702 779 1815 823 facta

456 858 678 919 quondam
711 858 872 902 fuisset.
905 857 1161 902 Consulenti
1190 875 1363 918 quoque
1397 858 1449 902 de
1482 859 1679 919 genitura
1712 875 1814 912 sua⁷

460 936 579 982 Sulla
619 937 947 980 mathematicus
970 972 981 993 ,
1022 957 1040 977 ε(
1075 937 1356 980 certissimam
1395 954 1541 981 necem
1579 938 1815 998 appropin-

457 1033 617 1076 quare,
653 1036 673 1058 ))
711 1015 956 1059 affirmavit.
998 1017 1267 1059 Monuerunt
1309 1026 1348 1058 et
1390 1026 1524 1060 sortes
1552 1016 1816 1070 Antiatinae,

460 1115 480 1135 «
501 1104 549 1137 ut
574 1111 597 1138 a
627 1094 776 1138 Cassio
803 1103 984 1137 caveret.
1011 1114 1030 1135 2>
1061 1095 1158 1150 Qua
1184 1110 1309 1137 causa
1338 1093 1407 1137 ille
1432 1095 1629 1137 Cassium
1655 1096 1818 1156 Longi·

461 1190 589 1229 num,
613 1174 722 1217 Asiae
745 1182 837 1216 tum
862 1172 1164 1233 proconsulem
1179 1207 1190 1229 ,
1215 1171 1499 1216 occidendum
1521 1172 1818 1234 delegaverat,

462 1253 708 1307 immemor,
744 1252 966 1296 Chaeream
993 1253 1189 1296 Cassium
1226 1252 1454 1295 nominari.
1485 1251 1654 1309 Pridie,
1688 1269 1817 1312 quam

463 1332 649 1392 periret,
681 1332 939 1388 somniavit,
972 1331 1204 1375 consistere
1231 1348 1276 1375 se
1310 1333 1352 1374 in
1385 1329 1492 1375 coelo
1515 1332 1637 1391 juxta
1663 1330 1818 1375 solium

462 1411 580 1454 Jovis
598 1445 609 1464 ,
645 1410 969 1472 impulsumque
997 1411 1050 1454 ab
1079 1427 1130 1454 eo
1159 1410 1295 1453 dextri
1324 1410 1443 1471 pedis
1478 1409 1660 1471 pollice,
1695 1419 1737 1454 et
1774 1412 1817 1454 in

464 1500 600 1533 terras
614 1491 944 1550 praecipitatum.
961 1489 1267 1550 Prodigiorum
1282 1488 1376 1533 loco
1392 1489 1539 1532 habita
1554 1498 1654 1533 sunt
1668 1489 1820 1544 etiam,

462 1584 558 1627 quae
587 1568 696 1612 forte
729 1567 803 1611 illo
836 1569 930 1629 ipso
959 1569 1026 1612 die
1061 1567 1189 1629 paulo
1217 1570 1336 1630 prius
1367 1567 1625 1612 acciderant.
1651 1568 1823 1612 Sacrifi-

463 1663 564 1691 cans
590 1664 809 1708 respersus
835 1658 897 1692 est
926 1649 1241 1709 phoenicopteri
1272 1649 1492 1709 sanguine.
1524 1650 1578 1691 Et
1604 1648 1822 1708 pantomi-

463 1742 560 1770 mus
589 1728 783 1770 Mnester
807 1727 1061 1788 tragoediam
1084 1726 1279 1782 saltavit,
1306 1743 1436 1786 quam
1457 1725 1560 1770 olim
1584 1724 1823 1786 Neoptole-

464 1822 559 1849 mus
584 1807 802 1867 tragoedus
830 1805 942 1850 ludis
958 1841 969 1861 ,
995 1806 1153 1866 quibus
1182 1823 1255 1849 rex
1280 1805 1569 1849 Macedonum
1598 1803 1825 1865 Philippus

464 1886 631 1929 occisus
654 1896 739 1942 est,
765 1896 923 1946 egerat.
949 1888 1003 1929 Et
1028 1902 1162 1946 quum
1187 1887 1230 1929 in
1256 1884 1471 1930 Laureolo
1494 1885 1645 1938 mimo,
1669 1884 1712 1927 in
1738 1900 1824 1943 quo

465 1973 586 2008 actor
613 1966 857 2025 proripiens
882 1982 926 2009 se
957 1967 1084 2009 ruina
1111 1966 1364 2026 sanguinem
1397 1964 1560 2019 vomit,
1590 1962 1734 2023 plures
1761 1979 1826 2006 se-

466 2043 710 2087 cundarum
736 2046 932 2087 certatim
962 2044 1308 2104 experimentum
1334 2044 1437 2087 artis
1470 2042 1647 2097 darent,
1672 2058 1826 2086 cruore

466 2138 596 2165 scena
624 2122 876 2166 abundavit.
904 2123 1146 2167 Parabatur
1175 2133 1215 2167 et
1242 2124 1285 2167 in
1311 2132 1480 2167 noctem
1507 2121 1824 2183 spectaculum,

467 2217 554 2260 quo
591 2212 847 2262 argumenta
887 2202 1124 2247 inferorum
1161 2220 1238 2263 per
1277 2203 1499 2264 AEgyptios
1533 2212 1574 2246 et
1606 2201 1827 2262 AEthiopas

467 2279 796 2340 explicarentur.

530 2361 691 2404 LVIII.
711 2363 841 2406 Nono
859 2362 1062 2406 kalendas
1081 2363 1340 2418 februarias,
1357 2363 1465 2406 hora
1485 2362 1607 2423 quasi
1624 2360 1827 2423 septima,

468 2449 722 2497 cunctatus,
754 2458 809 2485 an
841 2442 895 2485 ad
925 2442 1156 2503 prandium
1187 2452 1407 2503 surgeret,
1441 2450 1657 2486 marcente
1685 2439 1827 2484 adhuc

472 2520 694 2564 stomacho
717 2520 906 2581 pridiani
929 2522 1013 2565 cibi
1035 2537 1190 2578 onere,
1218 2522 1392 2566 tandem
1415 2521 1696 2567 suadentibus
1718 2520 1827 2563 ami-

471 2598 530 2641 cis
556 2615 748 2659 egressus
776 2610 851 2645 est.
881 2602 1028 2657 Quum
1058 2601 1099 2643 in
1137 2611 1312 2662 crypta,
1342 2619 1417 2662 per
1446 2617 1572 2661 quam
1600 2610 1826 2644 transeun-
