1988 3407
692 271 1045 306 VESPASIANUS.
1528 271 1546 305 ἦ
1559 285 1569 306 1

181 373 300 401 mam
346 356 594 401 rationibus
626 353 757 399 vellet
795 354 977 410 inferri;
1008 374 1028 395 «
1048 355 1379 414 Vespasiano‚»
1410 355 1580 415 inquit,

176 459 196 478 «
217 437 436 483 adamato.
454 458 476 479 »

244 522 411 565 XXIII.
439 518 656 563 Utebatur
680 527 724 563 et
755 518 953 563 versibus
977 518 1131 580 graecis
1166 519 1426 578 tempestive
1447 520 1577 573 satis,

178 612 226 646 ut
253 601 307 647 de
327 601 520 663 quodam
546 615 743 661 procerae
762 609 968 656 staturae,
997 599 1335 661 improbiusque
1361 608 1493 643 nato:

361 726 484 771 Μακρὰ
510 725 624 767 βιβάς,
647 722 799 771 κραδάων
827 723 1031 770 δολιχόσκιον
1059 726 1163 772 ἔγχος·

177 841 220 876 et
257 831 311 876 de
334 827 499 876 Cei-ulo
528 827 709 886 liberto,
734 829 810 890 qui
841 827 962 872 dives
999 826 1241 872 admodum
1271 827 1330 871 ob
1362 827 1581 872 subterfu-

174 911 382 974 giendum
403 908 672 972 quandoque
693 910 767 971 jus
795 909 916 967 fisci,
942 909 1185 971 ingenuum
1211 925 1256 953 se
1275 918 1319 952 et
1340 908 1578 953 Lachetem

173 1003 345 1038 mutato
371 993 552 1037 nomine
579 1002 776 1053 coeperat
805 990 939 1046 serre,
979 983 1008 1036 ὦ
1036 988 1227 1048 Λάχης,
1254 987 1446 1048 Λάχης,
1477 987 1581 1035 ἐπάν

174 1072 400 1133 ἀποθάνῃς,
425 1068 564 1126 αὖθις
594 1071 783 1138 {gap-„3313
808 1070 886 1130 '5534
915 1071 1122 1133 Κήρυλος.
1140 1074 1336 1118 Maxime
1356 1084 1504 1118 tamen
1522 1073 1583 1117 di·

173 1159 403 1202 cacitatem
434 1156 672 1201 affectabat
709 1158 754 1201 in
787 1155 1060 1201 deformibus
1101 1155 1260 1212 lucris,
1289 1164 1339 1199 ut
1366 1153 1577 1198 invidiam

174 1237 322 1299 aliqua
361 1237 642 1282 cavillatione
687 1236 902 1294 dilueret,
954 1237 1303 1298 transferretque
1345 1235 1401 1280 ad
1449 1235 1576 1280 sales.

175 1319 427 1377 Quemdam
466 1337 489 1363 e
525 1320 639 1364 caris
680 1320 923 1374 ministris,
953 1318 1326 1380 dispensationem
1363 1316 1541 1362 cuidam
1569 1353 1579 1371 ,

173 1401 298 1461 quasi
336 1400 489 1457 fratri,
520 1410 747 1463 petentem
775 1417 914 1462 quum
955 1398 1218 1454 distulisset,
1253 1400 1398 1460 ipsum
1432 1399 1582 1443 candi-

175 1481 327 1526 datum
368 1482 422 1526 ad
464 1498 508 1526 se
543 1483 742 1539 vocavit3
771 1492 1012 1542 exactaque
1041 1481 1253 1542 pecunia,
1288 1489 1501 1542 quantam
1546 1481 1579 1523 is

171 1579 272 1607 cum
310 1562 605 1625 suffragatore
636 1580 718 1608 suo
750 1564 1009 1625 pepigerat,
1048 1563 1142 1606 sine
1174 1578 1299 1606 mora
1342 1562 1579 1606 ordinavit.

172 1643 476 1707 Interpellanti
510 1662 614 1689 mox
636 1647 862 1700 ministro,
893 1644 1086 1690 «Alium
1113 1645 1213 1701 tibi,
1238 1664 1258 1685 »
1283 1645 1366 1701 ait,
1389 1664 1410 1684 «
1430 1660 1576 1705 quaeie

171 1726 349 1770 fratrem
382 1745 391 1770 :
425 1727 518 1784 hic,
548 1742 680 1788 quem
710 1737 836 1771 tuum
860 1736 1009 1788 putas,
1036 1743 1158 1770 meus
1183 1736 1262 1770 est.
1286 1746 1305 1766 n
1329 1723 1580 1770 Mulionem

173 1808 217 1850 in
251 1807 408 1851 itinere
437 1806 633 1868 quodam
656 1809 907 1869 suspicatus
929 1807 983 1852 ad
1007 1807 1259 1852 calciandas
1284 1805 1429 1853 mulas
1466 1806 1579 1851 desi-

172 1887 324 1942 luisse,
348 1898 396 1933 ut
416 1887 596 1932 adeunti
620 1886 832 1950 litigatori
849 1889 1042 1950 spatium
1059 1904 1321 1949 moramque
1337 1888 1552 1948 praeberet
1568 1923 1578 1942 ‚

173 1973 483 2035 interrogavit,
518 1973 730 2030 «Quanti
762 1971 1022 2016 calciasset?
1044 1992 1065 2013 »
1098 1982 1343 2032 pactusque
1372 1980 1436 2014 est
1466 1969 1579 2014 lucri

172 2063 356 2115 partem.
390 2053 751 2116 Repreliendenti
776 2053 867 2098 filio
893 2054 1019 2109 Tito,
1044 2052 1164 2114 quod
1191 2054 1324 2096 etiam
1348 2053 1487 2096 urinae
1511 2069 1580 2095 ve-

170 2135 304 2197 ctigal
339 2147 615 2182 commentus
653 2145 784 2194 esset,
823 2135 1057 2197 pecuniam
1093 2151 1144 2178 ex
1183 2135 1326 2195 prima
1364 2134 1579 2194 pensione

170 2216 367 2262 admovit
401 2218 456 2263 ad
487 2235 642 2276 nares,
682 2218 931 2273 sciscitans,
967 2236 988 2257 α
1012 2233 1118 2261 num
1152 2215 1289 2260 odore
1326 2214 1576 2260 offendere-

172 2308 272 2355 tur;
293 2319 314 2340 ›>
342 2310 385 2344 et
415 2299 490 2344 illo
522 2310 736 2361 negante,
760 2302 954 2361 «Atqui,
976 2321 996 2340 »
1030 2299 1195 2359 inquit,
1219 2318 1239 2339 «
1261 2315 1284 2342 e
1313 2296 1421 2342 lotio
1457 2308 1534 2341 est.
1560 2316 1580 2337 »

171 2381 447 2425 Nunciantes
473 2380 660 2443 legatos,
682 2380 937 2425 «decretam
965 2381 1003 2424 ei
1025 2379 1204 2441 publice
1226 2397 1317 2424 non
1340 2379 1573 2423 mediocris

169 2479 354 2506 summae
382 2473 571 2507 statuam
595 2461 898 2518 colosseam,»
924 2463 1079 2522 jussit,
1107 2459 1171 2505 vel
1200 2463 1415 2505 continuo
1439 2477 1575 2521 pone-

170 2553 292 2599 rent,
318 2559 683 2588 cavam—manum
711 2553 964 2596 ostentans,
987 2552 1030 2586 et
1051 2562 1071 2582 «
1093 2552 1292 2603 paratam
1317 2542 1443 2585 basin
1467 2561 1486 2582 »
1509 2540 1577 2584 di—

169 2640 284 2669 cens.
314 2628 375 2671 Ac
397 2642 451 2670 ne
478 2627 521 2669 in
544 2634 665 2669 metu
691 2624 870 2686 quidem
896 2641 946 2669 ac
970 2622 1167 2685 periculo
1194 2625 1349 2667 mortis
1376 2633 1574 2667 extremo

169 2704 382 2751 abstinuit
407 2707 533 2767 jocis.
560 2709 671 2752 Nam
696 2724 833 2769 quum
864 2707 979 2750 intci·
1007 2716 1152 2749 cetera
1174 2705 1377 2766 prodigia
1400 2706 1578 2748 Mauso-

1348 2792 1360 2811 l
