1971 3342
447 249 492 285 26
972 247 1008 281 C.
1035 247 1261 282 SUETONII

446 331 628 391 publica.
671 329 986 374 Munditiarum
1032 329 1382 389 lautitiarumque
1427 327 1785 373 studiosissimum

446 409 571 453 multi
598 408 880 470 prodiderunt
906 425 914 451 :
946 407 1091 451 villam
1122 409 1166 451 in
1195 409 1446 452 Nemorensi
1479 425 1502 451 a
1533 407 1787 451 fundamen-

446 491 497 534 tis
523 491 789 545 inchoatam,
819 504 1059 549 magnoque
1087 497 1260 547 sumptu
1287 486 1551 543 absolutam,
1576 488 1675 547 quia
1701 504 1788 531 non

446 578 535 613 tota
569 569 622 612 ad
649 569 841 612 animum
864 568 901 610 ei
931 566 1231 626 responderat,
1262 577 1395 611 totam
1424 567 1628 623 diruisse,
1657 583 1790 627 quan-

445 664 573 707 quam
603 658 774 692 tenuem
805 647 945 691 adhuc
981 656 1024 690 et
1059 646 1292 690 obaeratum
1327 663 1336 690 z
1375 647 1418 689 in
1445 646 1789 708 expeditionibus

447 726 658 770 tessellata
681 737 723 770 et
748 725 906 770 sectilia
932 726 1174 786 pavimenta
1199 725 1521 769 circumtulisse.

506 807 681 851 XLVII.
719 805 982 849 Britanniam
1015 804 1169 865 petisse
1201 820 1274 865 spe
1306 804 1659 864 margaritarum,
1687 820 1792 864 qua-

445 902 542 929 rum
577 884 898 945 amplitudinem
938 883 1254 938 conferentem,
1295 882 1513 926 interdum
1548 899 1623 927 sua
1659 900 1791 927 manu

446 966 628 1026 exegisse
659 964 826 1024 pondus
859 982 868 1007 :
905 980 1119 1024 gemmas,
1148 972 1414 1019 toreumata,
1446 964 1591 1023 signa,
1626 962 1791 1006 tabulas

445 1045 584 1103 operis
618 1044 783 1103 antiqui
820 1059 985 1104 semper
1019 1042 1326 1086 animosissime
1358 1058 1627 1101 comparasse
1659 1059 1668 1085 :
1704 1057 1791 1085 ser-

444 1124 546 1165 vitia
588 1123 769 1165 rectiora
809 1121 1093 1181 politioraque
1131 1123 1339 1164 immenso
1380 1121 1543 1180 pretio,
1584 1129 1626 1163 et
1666 1123 1789 1180 cujus

444 1202 582 1261 ipsum
605 1202 729 1244 etiam
752 1200 950 1260 puderet,
975 1201 1033 1243 sic
1055 1208 1103 1242 ut
1123 1200 1362 1243 rationibus
1382 1209 1547 1242 vetaret
1566 1199 1726 1243 inferri.

507 1281 706 1324 XLVIII.
743 1280 1032 1324 Convivatum
1060 1277 1227 1322 assidue
1255 1295 1332 1338 per
1355 1279 1596 1338 provincias
1624 1277 1791 1323 duobus

444 1358 660 1413 tricliniis,
688 1375 796 1413 uno,
827 1374 912 1417 quo
937 1358 1070 1418 sagati
1099 1356 1332 1417 palliative,
1362 1356 1516 1413 altero,
1545 1374 1631 1417 quo
1658 1358 1791 1419 togati

442 1453 538 1480 cum
560 1435 861 1480 illustrioribus
882 1437 1202 1497 provinciarum
1221 1435 1552 1480 discumberent.
1576 1438 1792 1481 Domesti-

443 1531 532 1558 cam
556 1514 825 1575 disciplinam
852 1516 894 1558 in
920 1515 1061 1576 parvis
1086 1531 1134 1558 ac
1155 1515 1389 1575 majoribus
1411 1516 1539 1559 rebus
1564 1515 1794 1576 diligenter

442 1594 549 1638 adeo
586 1611 813 1655 severeque
851 1596 985 1650 rexit,
1023 1606 1069 1639 ut
1107 1597 1337 1655 pistorem,
1373 1595 1505 1638 alium
1544 1612 1675 1654 quam
1711 1595 1791 1639 sibi

443 1689 595 1733 panem
627 1675 817 1718 convivis
849 1675 1142 1735 subjicientem
1159 1710 1169 1730 ,
1197 1673 1475 1735 compedibus
1502 1675 1716 1729 vinxerit,
1745 1673 1793 1717 li—

441 1752 611 1796 bertum
657 1754 971 1813 gratissimum,
1012 1754 1066 1797 ob
1108 1752 1390 1798 adulteratam
1432 1754 1587 1813 equitis
1626 1755 1792 1797 romani

443 1848 645 1888 uxorem,
681 1834 873 1892 quamvis
910 1832 1030 1876 nullo
1065 1843 1294 1893 querente,
1331 1832 1501 1893 capitali
1537 1849 1661 1893 poena
1694 1833 1794 1876 affe-

441 1911 558 1953 ecrit.

504 1990 660 2033 XLIX.
695 1989 917 2034 Pudicitiae
954 1992 1043 2051 ejus
1081 1991 1237 2034 famam
1279 1990 1385 2034 nihil
1426 1990 1600 2050 quidem
1639 2001 1793 2051 praetcr

442 2066 687 2111 Nicomedis
711 2069 1040 2112 contubernium
1071 2069 1198 2123 laesit,
1226 2071 1343 2129 gravi
1370 2079 1516 2113 tamen
1542 2080 1584 2112 et
1611 2071 1789 2129 perenni

443 2146 696 2204 opprobrio,
713 2156 754 2189 ct
767 2147 818 2189 ad
837 2149 1030 2190 omnium
1050 2149 1243 2191 convicia
1260 2150 1465 2208 exposito.
1484 2150 1652 2192 Omitto
1669 2148 1791 2193 Calvi

441 2224 595 2266 Licinii
624 2225 864 2267 notissimos
891 2243 1035 2269 versus
1063 2243 1071 2269 :

745 2386 828 2394 .......
840 2361 1004 2407 Bithynis·
1031 2362 1210 2408 quidquid

566 2419 610 2452 Et
633 2420 828 2465 paedicutor
850 2421 998 2456 Cu‘suris
1025 2435 1182 2469 unquam
1202 2423 1339 2458 habuit.

439 2541 649 2582 Praetcroo
678 2542 862 2584 actiones
889 2541 1122 2585 Dolabellae
1149 2552 1190 2585 ct
1216 2543 1417 2587 Curionis
1445 2545 1596 2604 patris,
1627 2545 1669 2586 in
1698 2546 1788 2603 qui-

442 2617 517 2658 bus
555 2634 652 2660 rum
688 2618 908 2662 Dolabella
930 2620 1120 2680 pellicem
1153 2623 1341 2679 regirare,
1371 2621 1585 2683 spondam
1615 2624 1786 2667 interlo-
