1988 3439
746 266 990 301 TIBERIUS.
1485 282 1556 319 ¹¹9

177 350 275 393 rint.
302 351 445 395 Etiam
467 349 589 412 virgo
611 349 796 393 Vestalis
819 350 1018 408 fratrem,
1038 351 1207 412 injussu
1229 353 1379 415 populi
1403 355 1558 398 trium-

177 431 404 491 phantem,
442 448 617 475 ascenso
658 430 786 475 simul
827 449 985 489 curru,
1030 449 1166 493 usque
1208 435 1250 477 in
1291 434 1558 495 Capitolium

175 522 403 571 prosecuta
442 521 525 568 est,
563 528 617 555 ne
648 522 818 566 vetare,
854 522 930 557 aut
964 513 1231 558 intercedere
1256 514 1319 558 fas
1353 516 1559 576 cuiquam

174 592 453 636 tribunorum
476 602 598 637 esset.

235 675 313 717 III.
340 676 403 718 Ex
427 674 508 718 hae
533 675 666 736 stirpe
686 675 886 720 Tiberius
905 678 1050 722 Caesar
1068 693 1205 738 genus
1226 676 1384 732 trabit,
1405 686 1444 720 et
1471 693 1564 737 qni-

174 754 272 799 ‹lem
309 765 544 816 utrumque
576 773 583 799 :
622 766 881 818 paternum,
915 774 939 801 a
968 757 1143 802 Tiberio
1174 758 1376 813 Nerone3
1404 766 1564 801 mater-

175 852 305 893 num,
333 836 386 880 ab
414 838 560 899 Appio
584 836 795 894 Pulchro,
821 839 897 899 qui
922 838 1052 883 ambo
1079 839 1210 900 Appii
1232 839 1345 883 Caeci
1369 837 1445 881 filii
1472 837 1564 882 fue-

173 927 290 962 runt.
319 919 515 963 Insertus
543 929 607 963 est
631 929 673 964 et
699 920 926 964 Liviorum
952 919 1147 975 familiae,
1169 919 1379 980 adoptato
1401 919 1444 962 in
1467 935 1563 962 eam

173 1008 371 1043 materno
391 1016 485 1044 avo.
509 1000 621 1058 Quae
640 999 825 1059 familia,
847 1017 1116 1062 quamquam
1134 999 1323 1063 plebeia,
1349 1009 1495 1044 tamen
1522 1009 1565 1044 et

174 1080 266 1140 ipsa
292 1080 530 1125 admodum
555 1081 729 1140 floruit,
755 1093 854 1127 octo
875 1081 1202 1140 consulatibus,
1233 1081 1429 1126 censuris
1456 1079 1565 1124 dua-

173 1160 278 1215 bus,
315 1163 548 1224 triumphis
590 1164 751 1221 tribus,
793 1163 1010 1208 dictatura
1050 1164 1180 1208 etiam
1221 1180 1270 1207 ac
1311 1163 1564 1223 magisterio

174 1243 369 1302 equitum
397 1243 631 1298 honorata;
663 1243 779 1288 clara
805 1255 847 1288 et
874 1245 1119 1306 insignibus
1145 1244 1269 1301 viris,
1300 1260 1350 1287 ac
1376 1243 1565 1287 maxime

175 1321 440 1380 Salinatore,
466 1325 723 1385 Drusisque.
751 1324 970 1370 Salinator
992 1326 1215 1369 universas
1237 1324 1378 1369 tribus
1406 1325 1448 1367 in
1470 1340 1566 1367 cen-

175 1419 276 1446 sura
299 1404 468 1447 notavit
493 1402 679 1448 levitatis
700 1406 898 1461 nomine,
924 1405 1064 1465 quod,
1086 1421 1222 1465 quum
1250 1421 1293 1448 se
1318 1414 1417 1466 post
1446 1405 1565 1464 prio-

175 1501 264 1528 ·iem
298 1484 575 1529 consulatum
602 1485 740 1530 multa
770 1487 963 1548 irrogata
994 1485 1379 1541 condemnassent,
1407 1500 1566 1529 consu-

173 1565 257 1610 lem
276 1567 434 1611 iterum
455 1584 764 1629 censoremque
783 1567 996 1612 fecissent.
1021 1570 1220 1625 Drusus,
1239 1566 1435 1611 hostium
1456 1565 1566 1609 duce

171 1650 345 1692 Drauso
380 1650 576 1693 eominus
607 1649 848 1706 trucidato,
876 1649 957 1693 sihi
983 1649 1256 1711 posterisque
1283 1649 1372 1692 suis
1400 1663 1564 1709 eogno-

173 1745 271 1772 men
311 1730 490 1774 invenit.
528 1730 735 1774 Traditur
777 1732 909 1775 etiam
946 1740 1214 1793 propraetore
1255 1747 1305 1774 ex
1338 1728 1567 1790 provincia

174 1809 316 1854 Gallia
362 1810 560 1855 retulisse
601 1828 783 1867 aurum,
827 1812 1074 1856 Senonibus
1113 1810 1217 1856 olim
1255 1813 1299 1855 in
1338 1809 1566 1854 obsidione

178 1891 382 1952 Capitolii
411 1892 587 1949 datum,
613 1909 714 1945 nee,
742 1902 791 1936 ut
816 1892 928 1936 fama
956 1902 1041 1949 est,
1067 1902 1288 1936 extortum
1314 1908 1339 1935 a
1363 1888 1562 1935 Camillo.

174 1973 278 2033 Ejus
308 1973 525 2035 abnepos,
560 1973 616 2017 ob
651 1974 853 2016 eximiam
887 1973 1093 2017 adversus
1127 1972 1352 2017 Gracchos
1383 1987 1563 2031 operam

145 2105 154 2113 =
175 2065 389 2115 patronus
415 2065 590 2100 senatus
615 2055 782 2111 dietus,
811 2054 947 2098 {ilium
972 2053 1171 2114 reliquit,
1201 2070 1329 2114 quem
1360 2053 1403 2095 in
1437 2050 1565 2095 simili

176 2136 444 2181 dissensione
482 2135 617 2180 multa
663 2137 780 2180 varie
825 2135 1077 2180 molientem
1114 2135 1285 2179 diversa
1319 2134 1449 2178 factio
1487 2149 1566 2194 per

176 2217 374 2262 fraudem
402 2218 633 2261 interemit.

241 2299 317 2342 lV.
353 2299 482 2342 Pater
517 2298 703 2355 Tiberii,
736 2307 926 2358 quaestor
951 2299 1000 2342 C.
1034 2297 1236 2353 Caesaris,
1268 2295 1564 2340 Alexandrino

177 2378 291 2423 bello
312 2378 436 2422 classi
460 2380 739 2440 praepositus,
767 2377 1007 2439 plurimum
1032 2378 1085 2421 ad
1113 2378 1338 2424 victoriam
1360 2375 1560 2420 eontulit.

177 2462 327 2518 Quare
359 2469 401 2503 et
437 2458 629 2520 pontifex
672 2460 715 2503 in
756 2458 899 2503 locum
938 2460 984 2503 P.
1023 2459 1236 2519 Scipionis
1270 2457 1562 2513 substitutus,

178 2551 222 2586 et
244 2541 299 2585 ad
325 2539 599 2584 deducendas
626 2541 668 2584 in
695 2539 882 2586 Galliam
910 2538 1125 2595 colonias,
1152 2541 1193 2582 in
1220 2539 1316 2598 quis
1345 2538 1495 2582 Narbo
1519 2547 1562 2580 et

181 2623 355 2669 Arelate
380 2620 528 2678 erant,
554 2623 707 2666 missus
727 2633 805 2667 est.
829 2625 992 2667 Tamen
1019 2624 1186 2666 Caesare
1204 2621 1367 2675 occiso,
1391 2619 1561 2663 cunctis

183 2705 409 2749 turbarum
445 2715 560 2748 metu
597 2702 876 2748 abolitionem
910 2703 1007 2747 facti
1040 2701 1398 2749 decernentibus,
1430 2700 1557 2743 etiam
