1971 3342
406 230 480 268 250
941 227 977 261 (ἶ.
1008 227 1235 262 SUETONII

405 309 635 353 noxiorum
676 308 863 370 quidem.
905 310 1114 353 Exhibuit
1147 319 1289 353 autem
1327 308 1380 352 ad
1428 308 1588 352 ferrum
1634 309 1761 352 etiam

405 388 745 449 quadringentos
774 398 1011 443 senatores,
1027 399 1335 448 sexcentosque
1356 388 1518 448 equites
1542 404 1764 444 romanos,

402 478 445 512 et
481 468 690 529 quosdam
725 468 909 512 fortunae
942 478 1071 528 atque
1106 468 1437 511 existimationis
1474 468 1687 528 integrae:
1715 484 1764 511 ex

404 547 555 592 iisdem
580 548 804 592 ordinibus
837 547 1105 592 confectores
1132 565 1306 609 quoque
1335 548 1521 592 ferarum
1538 583 1549 603 ,
1578 558 1620 591 et
1646 548 1763 591 varia

403 643 542 671 arenae
565 628 815 671 ministeria.
834 627 1043 671 Exhibuit
1061 637 1104 673 et
1124 628 1426 671 naumachiam
1445 627 1610 670 marina
1629 644 1763 687 aqua,

401 707 652 750 innantibus
677 705 832 750 belluis
857 723 866 750 :
892 707 995 750 item
1017 706 1269 767 pyrrhichas
1293 706 1501 767 quasdam
1530 723 1552 750 e
1580 723 1763 750 numero

399 787 690 848 epheborum,
717 787 874 847 quibus
899 796 997 847 post
1022 786 1181 830 editam
1208 803 1384 847 operam
1403 786 1640 847 diplomata
1664 787 1764 830 civi-

399 868 498 911 tatis
524 883 711 911 romanae
741 866 920 928 singulis
947 865 1117 910 obtulit.
1139 869 1258 911 Inter
1278 867 1611 927 pyrrhicharum
1639 883 1764 927 argu-

398 956 543 991 menta
558 981 570 1004 ,
591 958 739 991 taurus
765 947 1006 1008 Pasiphaen
1021 981 1032 1003 ,
1059 945 1204 1007 ligneo
1225 946 1422 1006 juvencae
1442 945 1672 990 simulacro
1691 945 1764 988 ab·

398 1025 562 1084 ditam,
590 1027 712 1083 iniit,
743 1036 792 1070 ut
820 1025 946 1069 multi
981 1027 1267 1086 spectantium
1296 1025 1586 1069 crediderunt.
1615 1027 1762 1069 Icarus

396 1106 539 1166 primo
556 1106 702 1149 statim
716 1114 872 1149 conatu
890 1105 1014 1165 juxta
1031 1104 1277 1149 cubiculum
1295 1105 1386 1165 ejus
1400 1104 1578 1161 decidit,
1597 1105 1760 1164 ipsum-

397 1202 483 1246 que
516 1201 669 1230 cruore
694 1186 908 1247 respersit.
936 1187 1050 1231 Nam
1082 1201 1263 1246 perraro
1292 1184 1545 1246 praesidere,
1573 1193 1761 1228 ceterum

395 1265 634 1321 accubans,
657 1266 800 1326 parvis
830 1265 1020 1327 primum
1053 1265 1364 1321 foraminibus,
1391 1264 1545 1308 deinde
1570 1274 1661 1308 toto
1688 1282 1763 1326 po-

394 1345 467 1389 dio
492 1345 726 1406 adaperto,
750 1355 944 1406 spectare
971 1355 1214 1389 consuerat.
1236 1345 1430 1390 Instituit
1453 1355 1496 1388 et
1523 1346 1763 1405 quinquen-

394 1423 492 1468 nale
534 1435 752 1469 certamen
793 1426 957 1485 primus
1003 1425 1199 1468 omnium
1242 1427 1417 1481 Romae,
1454 1441 1577 1467 more
1621 1441 1760 1485 graeco

394 1503 550 1565 triplex
564 1538 575 1559 ,
599 1505 810 1548 musicum
823 1539 834 1560 ,
858 1505 1104 1565 gymnicum
1121 1539 1132 1559 ,
1151 1512 1349 1564 equestre
1362 1538 1372 1558 ‚
1388 1503 1506 1563 quod
1524 1502 1761 1564 appellavit

394 1584 610 1629 Neronia.
635 1584 942 1645 Dedicatisque
967 1583 1144 1627 thermis
1171 1594 1301 1644 atque
1322 1585 1567 1645 gymnasio,
1594 1585 1760 1627 senatui

395 1680 569 1724 quoque
600 1674 643 1709 et
676 1665 810 1725 equiti
839 1664 981 1708 oleum
1005 1665 1202 1725 praebuit.
1237 1665 1472 1726 Magistros
1509 1666 1585 1708 toti
1621 1675 1759 1709 certa-

394 1744 498 1787 mini
519 1745 755 1805 praeposuit
778 1742 1025 1788 consulares
1049 1754 1182 1799 sorte,
1201 1743 1298 1787 sede
1322 1753 1555 1804 praetorum
1573 1761 1582 1787 :
1604 1743 1759 1788 deinde

392 1824 436 1867 in
464 1824 728 1867 orchestram
757 1834 1044 1884 senatumque
1078 1823 1325 1880 descendit,
1355 1834 1398 1867 et
1427 1824 1635 1867 orationis
1661 1824 1759 1883 qui-

393 1902 491 1946 dem
516 1905 804 1964 carminisque
832 1902 954 1946 latini
986 1919 1217 1959 coronam,
1242 1903 1295 1946 de
1319 1919 1403 1963 qua
1429 1903 1757 1947 honestissimus

391 1984 573 2044 quisque
600 1983 909 2040 contenderat,
935 1985 1128 2044 ipsorum
1154 1998 1365 2026 consensu
1395 1999 1643 2026 concessam
1678 1984 1759 2026 sibi

391 2063 551 2123 recepit
577 2080 586 2106 ε
609 2064 781 2106 citharae
801 2072 944 2106 autem
961 2097 972 2117 ,
1001 2079 1025 2105 a
1044 2062 1262 2122 judicibus
1282 2061 1335 2105 ad
1355 2078 1398 2105 se
1421 2061 1609 2105 delatam
1629 2096 1639 2117 ,
1661 2063 1760 2106 ado-

391 2142 525 2194 ravit,
564 2141 754 2201 ferrique
797 2141 850 2184 ad
889 2142 1072 2202 Augusti
1110 2151 1295 2185 statuam
1338 2143 1477 2202 jussit.
1521 2143 1758 2202 Gymnico,

391 2219 509 2280 quod
525 2221 568 2263 in
583 2222 721 2281 Septis
736 2220 910 2277 edebat,
929 2221 1040 2264 inter
1058 2221 1268 2282 buthysiae
1287 2232 1564 2282 apparatum,
1578 2222 1757 2266 barbam

390 2301 576 2361 primam
613 2302 790 2361 posuit,
823 2300 1128 2361 conditamque
1169 2301 1210 2343 in
1254 2318 1431 2344 auream
1467 2302 1686 2362 pyxidem,
1716 2312 1758 2345 et

392 2380 709 2441 pretiosissimis
753 2381 997 2442 margaritis
1047 2380 1327 2437 adornatam,
1371 2382 1467 2425 Jovi
1510 2381 1756 2442 Capitolino

392 2461 671 2505 consecravit.
716 2460 782 2505 Ad
825 2459 1085 2504 athletarum
1131 2460 1423 2520 spectaculum
1475 2462 1671 2505 invitavit
1715 2471 1756 2504 et

391 2540 578 2601 virgines
603 2539 806 2597 vestales,
832 2541 931 2600 quia
958 2538 1169 2599 Olympiae
1200 2556 1374 2600 quoque
1409 2541 1579 2586 Cereris
1618 2556 1756 2584 sacer-

391 2618 563 2662 dotibus
584 2629 777 2679 spectare
801 2618 1065 2663 conceditur.
