1971 3342
428 222 472 265 4³3
950 222 987 255 c,
1018 222 1243 257 sUEToNn

427 312 618 347 mentum
643 304 733 363 ejus
760 303 951 364 aperitur
975 321 983 346 ε
1010 305 1305 364 recitaturque
1338 305 1379 347 in
1413 303 1596 347 Antonii
1629 303 1777 360 domo,

425 383 539 443 quod
565 382 705 427 idibus
735 382 1049 444 septembribus
1072 384 1279 443 proximis
1306 384 1350 426 in
1376 383 1593 426 Lavicano
1616 399 1693 426 suo
1719 383 1778 426 fe-

425 473 561 519 cerat,
590 463 1010 522 demandaveratque
1034 463 1190 524 virgini
1216 462 1379 508 Vestali
1399 464 1605 506 111axi1nae.
1622 463 1677 519 Q.
1700 465 1781 506 Tu-

425 544 527 586 bero
551 543 700 595 tradit,
725 543 926 586 heredem
954 543 1006 585 ab
1031 559 1082 586 eo
1107 544 1231 595 scribi
1257 542 1453 597 solitum,
1479 559 1530 585 ex
1553 541 1779 585 consulatu

425 623 557 682 ipsius
590 624 730 683 primo
758 639 893 682 usque
925 622 978 665 ad
1011 623 1181 666 initium
1213 622 1349 666 civilis
1381 622 1509 677 belli,
1539 624 1620 665 Cn.
1651 624 1779 665 Pom-

422 703 586 762 peium3
612 703 740 762 idque
764 701 973 746 militibus
999 719 1077 762 pro
1104 703 1310 746 concione
1336 703 1574 745 recitatum.
1597 700 1677 745 Sed
1703 718 1782 744 no-

422 785 594 825 vissimo
623 792 879 826 testamento
905 792 990 826 tres
1025 783 1213 825 instituit
1248 781 1445 837 heredes,
1475 798 1672 825 sororum
1707 797 1781 823 ne-

421 871 562 920 potes,
602 864 650 906 C.
697 863 928 906 Octavium
967 879 1016 906 ex
1054 861 1283 917 dodrante,
1326 871 1367 905 et
1395 863 1446 904 L.
1483 862 1704 905 Pinarium
1739 869 1781 903 et

422 941 476 996 Q.
506 941 685 987 Pedium
709 959 758 986 ex
782 942 1022 1002 quadrante
1046 941 1241 1002 reliquo:
1272 942 1315 985 in
1343 943 1427 985 ima
1454 958 1549 985 cera
1572 943 1619 985 C.
1646 942 1779 984 Octa·

422 1021 538 1064 vium
569 1022 696 1065 etiam
731 1023 774 1065 in
808 1021 1011 1065 familiam
1046 1038 1290 1081 nomenque
1328 1021 1551 1081 adoptavit
1584 1038 1592 1063 :
1619 1019 1783 1080 plures-

421 1117 504 1159 que
525 1118 828 1160 percussorum
855 1103 898 1145 in
925 1103 1139 1145 tutoribus
1166 1101 1269 1155 filii,
1295 1102 1328 1144 si
1358 1101 1453 1160 quis
1485 1100 1564 1143 sibi
1587 1115 1784 1142 nascere-

423 1189 510 1232 tur,
551 1181 813 1236 nominavit3
846 1183 900 1224 D.
934 1183 1117 1223 Brutum
1150 1181 1278 1223 etiam
1313 1180 1356 1221 in
1390 1177 1588 1222 secundis
1620 1178 1783 1221 heredi-

424 1259 515 1301 bus.
554 1259 722 1319 Populo
755 1260 904 1303 hortos
938 1261 1051 1304 circa
1087 1259 1277 1303 Tiberim
1314 1256 1506 1319 publice,
1539 1267 1581 1301 et
1621 1258 1780 1300 viritim

423 1348 615 1382 trecenos
643 1341 861 1383 sestertios
884 1339 1054 1399 legavit.

486 1420 726 1463 LXXXIV.
765 1421 932 1462 Funere
975 1419 1158 1474 indicto,
1199 1434 1329 1479 rogus
1374 1427 1616 1461 exstructus
1652 1418 1781 1460 estin

422 1498 581 1539 Martio
608 1514 760 1557 campo
785 1499 909 1557 juxta
938 1497 1061 1541 Juliae
1086 1497 1303 1541 tumulum
1327 1514 1336 1540 ε
1360 1507 1401 1540 et
1432 1514 1511 1557 pro
1537 1497 1686 1540 rostris
1711 1513 1784 1539 au-

422 1586 514 1619 rata
536 1577 643 1622 cedes
667 1578 720 1620 ad
744 1577 1020 1621 simulacrum
1047 1577 1196 1638 templi
1220 1578 1401 1621 Veneris
1428 1577 1670 1620 Genetricis
1695 1575 1782 1619 col-

424 1654 581 1711 locata3
610 1658 809 1717 intraque
835 1657 970 1701 lectus
989 1658 1225 1712 eburneus,
1253 1674 1359 1700 auro
1384 1674 1432 1700 ac
1458 1672 1652 1716 purpura
1676 1665 1784 1698 stra-

423 1745 510 1791 tus,
536 1746 577 1779 et
603 1737 657 1779 ad
684 1747 812 1797 caput
840 1747 1075 1797 tropaeum,
1103 1753 1202 1780 cum
1226 1746 1342 1780 veste
1369 1737 1411 1778 in
1438 1752 1521 1795 qua
1550 1735 1691 1778 fuerat
1717 1751 1785 1778 oc-

421 1816 545 1858 cisus.
575 1816 904 1859 Praeferentibus
932 1832 1133 1871 munera,
1168 1816 1269 1876 quia
1294 1814 1552 1858 suffecturus
1579 1813 1669 1857 dies
1694 1831 1781 1857 non

421 1895 668 1950 videbatur,
712 1906 974 1956 praeccptum
1013 1906 1094 1951 est,
1137 1905 1183 1939 ut
1217 1896 1372 1938 omisso
1412 1894 1584 1949 ordine,
1625 1895 1782 1954 quibus

422 1975 603 2033 quisque
630 1973 756 2017 vellet
781 1976 1007 2018 itineribus
1033 1976 1167 2030 urbis,
1187 1983 1380 2034 portaret
1403 1974 1445 2015 in
1471 1989 1688 2033 campum.
1716 1976 1784 2016 In-

423 2062 486 2095 ter
513 2052 638 2096 ludos
662 2063 834 2097 cantata
863 2063 963 2096 sunt
980 2053 1175 2112 quaedam
1202 2052 1256 2096 ad
1279 2054 1598 2096 miserationem
1619 2063 1661 2096 et
1680 2054 1783 2095 invi-

423 2130 536 2173 diam
574 2132 698 2175 caedis
734 2133 846 2191 ejus,
883 2131 1208 2175 accommodata
1244 2149 1294 2175 ex
1334 2133 1510 2175 Pacuvii
1547 2135 1782 2175 Armorum

420 2210 582 2269 judicio
604 2228 613 2254 ε

542 2340 641 2373 Men'
664 2352 844 2383 servasse,
867 2347 905 2374 ut
928 2348 1066 2384 essent,
1091 2342 1151 2387 qui
1175 2353 1232 2375 me
1257 2340 1481 2387 perderent?

424 2455 476 2496 Et
499 2470 549 2496 ex
575 2453 744 2497 Electra
766 2454 886 2498 Atilii
918 2457 1023 2510 alia,
1049 2454 1102 2497 ad
1142 2454 1322 2497 similem
1359 2456 1629 2498 sententiam.
1663 2456 1777 2496 Lau-

424 2531 606 2575 dationis
645 2532 741 2576 loco
767 2534 917 2577 consul
957 2534 1175 2577 Antonius
1203 2550 1277 2592 per
1303 2550 1549 2593 praeconem
1584 2549 1780 2593 pronun-

425 2610 545 2652 tiavit
571 2611 1010 2666 seruitusconsultum‚
1043 2628 1129 2670 quo
1156 2613 1299 2655 omnia
1325 2613 1361 2655 ei
1390 2613 1535 2655 divina
1561 2611 1686 2656 simul
1713 2623 1779 2656 at-
