1988 3407
606 279 658 313 IN
689 278 801 313 OC'r.
834 277 1129 312 AUGUSTUM.
1502 290 1513 310 ι
1524 277 1573 325 89

165 360 458 408 Apollinis-meo
488 358 640 393 nomine
673 364 709 391 et
738 356 912 400 illorum,
934 355 999 403 qui
1028 354 1120 391 mihi
1149 360 1358 391 statuarum
1386 356 1572 390 honorem

165 422 397 466 habuerant,
417 421 542 456 statui.

221 484 400 519 Cot-tinas.
428 483 473 519 H.
504 495 534 519 e.
566 481 737 530 tripodas
768 493 775 514 :
803 480 918 524 Plin.,
947 481 991 515 H.
1021 481 1089 523 N,
1123 493 1262 525 xxxiv,
1291 479 1312 515 3
1343 493 1350 515 z
1385 497 1399 511 «
1417 481 1474 515 Ex
1502 492 1572 515 aere

165 546 380 582 factitavere
404 553 440 581 et
460 544 626 580 cortinas
646 542 843 591 tripodum
863 542 1019 579 nomine
1039 543 1242 591 Delphicas
1255 570 1265 588 ,
1287 541 1471 590 quoniam
1499 541 1574 577 do-

163 610 220 645 nis
240 609 401 645 maxime
420 606 608 656 Apollinis
627 605 804 654 Delphici
825 605 1064 642 dicabantur.
1092 623 1107 638 n

218 672 453 719 Deprecatus
473 677 540 704 est.
562 669 678 714 Vell.‚
694 681 746 714 11,
762 667 834 717 89:
855 668 1118 704 «Dictaturam
1139 681 1255 717 quam
1273 667 1522 716 pertinaciter
1540 666 1575 702 ei

165 733 361 769 deferebat
374 733 554 781 populus,
570 737 646 767 tam
661 737 880 767 constanter
894 731 1046 778 repulit.
1060 747 1079 763 ³>
1091 732 1250 768 Causam
1263 729 1371 766 addit
1380 730 1456 766 Dio
1468 757 1477 775 ‚
1489 742 1576 775 zur,

164 808 201 843 p-
224 794 295 831 521
323 809 332 830 ἴ
353 801 417 837 Τήν
445 813 481 834 τε
502 799 647 839 ἐξῡυσίαν
661 825 669 840 ,
692 799 749 832 καὶ
769 800 825 836 τὴν
847 800 962 845 τιμὴν,
977 798 1032 832 καὶ
1051 800 1129 845 ὑπὲρ
1144 800 1217 838 τοὺς
1237 796 1446 844 ὃικτοίτωρας
1477 799 1575 842 ἔχων,

164 865 257 908 ὀρθῶς
282 864 320 897 τό
333 877 367 897 τε
393 863 556 908 ἐπίφθονον
578 861 634 895 καὶ
660 863 696 895 τὸ
718 863 854 908 μισῇ-τὸν
878 867 935 901 τῆς
954 863 1154 900 ἐπικλήσεως
1179 863 1286 898 αὐτῶν
1308 860 1500 906 ἐφυλάξατο.

217 922 304 957 Cn.
320 922 420 956 LIII.
441 920 607 956 Domini.
629 920 806 964 Tertull.,
828 921 969 967 Apol.‚
993 931 1023 954 c.
1049 931 1173 954 xxxxv
1198 932 1206 953 :
1242 934 1260 951 α
1281 919 1478 966 Augustus
1503 916 1578 952 im—

163 983 259 1030 perii
278 983 476 1027 formator,
497 995 545 1017 ne
566 981 764 1017 dominum
785 993 822 1016 se
845 980 1002 1029 quidem
1028 980 1104 1016 dici
1123 981 1289 1016 volebat.
1316 979 1425 1015 Idem
1456 984 1574 1014 testa—

162 1052 227 1082 tur
245 1046 373 1091 Philo,
406 1046 537 1093 Legat.
560 1046 616 1079 ad
639 1044 770 1080 Caium
787 1071 798 1087 ,
827 1057 865 1092 p.
901 1049 1012 1087 1014.

217 1108 348 1143 Noctu.
376 1109 583 1144 Decretum
612 1106 712 1142 enim
735 1107 878 1151 fuerat,
914 1113 957 1141 ut
989 1108 1165 1153 Augusto
1199 1106 1237 1141 in
1270 1105 1414 1142 Urbem
1444 1105 1574 1154 ingre—

164 1169 283 1206 dienti
306 1171 463 1206 vestales
476 1199 485 1215 ,
500 1176 653 1206 senatus
673 1171 921 1217 populusque
936 1168 1088 1204 obviam
1109 1169 1219 1204 irent.
1234 1167 1330 1213 Dio,
1351 1180 1391 1203 LI
1404 1195 1413 1213 ,
1433 1180 1471 1215 p.
1489 1166 1577 1210 456.

163 1236 251 1279 Quo
270 1233 417 1268 honore
433 1245 552 1281 quum
572 1232 629 1267 uti
643 1233 782 1276 nollet,
803 1230 1120 1280 magistratusque
1146 1238 1273 1266 tamen
1299 1237 1336 1265 et
1356 1229 1419 1265 alii
1446 1229 1485 1264 in
1503 1229 1578 1264 hoc

165 1302 286 1331 essent
309 1302 351 1330 ut
384 1295 536 1331 obviam
557 1294 627 1342 ipsi
659 1294 882 1343 prodirent,
910 1300 1028 1330 noctu
1050 1293 1087 1328 in
1119 1293 1264 1329 Urbem
1296 1292 1486 1342 ingressus
1511 1298 1577 1326 est.

165 1357 218 1391 (tf.
243 1358 385 1401 Dios„
416 1370 501 1401 ων,
528 1370 566 1404 p.
592 1356 679 1403 527.

219 1420 524 1454 Salutaeiombus.
548 1419 638 1455 Dies
663 1419 776 1453 festos
798 1419 996 1468 intelligit,
1019 1426 1111 1454 teste
1140 1419 1354 1455 Casaubon.

218 1481 370 1529 Stipem.
405 1484 448 1517 111
481 1482 654 1518 Mam-nb.
678 1482 778 1517 idem
814 1489 1015 1527 narrante,
1043 1484 1191 1517 Satura.
1225 1494 1283 1527 11,
1312 1486 1331 1523 l,
1362 1493 1370 1514 :
1408 1480 1576 1523 «Putas,

165 1544 308 1592 inquit,
335 1553 369 1579 te
387 1557 513 1580 assem
535 1545 738 1592 elephanto
765 1545 871 1580 dare.
892 1560 905 1575 υ
928 1545 1109 1590 Quintil.;
1135 1546 1245 1587 Insa,
1267 1557 1333 1588 vt,
1358 1543 1379 1578 3
1402 1557 1410 1578 r
1433 1560 1446 1574 α
1461 1543 1580 1588 (Iujus

163 1608 227 1656 (sc.
258 1605 466 1656 parabolae)
496 1614 551 1643 est
573 1606 721 1656 generis
740 1606 779 1642 id
804 1608 984 1656 Augusti,
1012 1607 1080 1655 qui
1106 1606 1217 1642 militi
1247 1606 1416 1641 libellum
1448 1604 1581 1640 timide

163 1670 396 1720 porrigenti,
422 1670 533 1713 Noli,
555 1669 701 1718 inquit,
716 1671 888 1706 dubitare
907 1679 1085 1719 tanquam
1100 1683 1224 1705 assem
1245 1668 1453 1716 elephanto
1466 1668 1579 1704 deun.»

224 1733 499 1768 Summonente.
521 1735 649 1779 Quum
671 1745 802 1768 omnes
824 1732 896 1768 sibi
915 1740 1025 1768 notas
1046 1732 1200 1780 penitus
1218 1731 1390 1767 haberet.

222 1794 374 1841 Officia.
406 1795 552 1842 Nempe
578 1794 710 1842 officia
737 1796 975 1842 privatarum
1018 1803 1054 1829 et
1087 1795 1339 1830 communium
1372 1794 1582 1829 solennita-

166 1866 241 1891 tum
257 1883 268 1899 ,
291 1866 330 1892 ue
351 1864 452 1905 togoe
474 1869 590 1904 puroe
604 1883 614 1899 ,
638 1864 677 1891 ut
701 1857 938 1904 sponsalium
951 1885 961 1900 ,
993 1867 1032 1892 ut
1059 1858 1308 1905 nuptialium,
1334 1864 1375 1891 ut
1399 1857 1580 1891 nomina-

167 1919 281 1961 lium,
311 1925 408 1954 auct.
436 1919 595 1954 Tertull.
612 1947 621 1963 ‚
648 1919 697 1953 de
718 1919 814 1953 Idol.
830 1946 838 1960 ,
861 1932 891 1954 c.
922 1932 1001 1954 xw.

227 1982 408 2017 Vexatus.
431 1981 518 2016 Scil.
540 1980 700 2028 pessime
725 1981 877 2016 habitus
901 1988 955 2016 est
982 1994 990 2016 :
1012 1994 1056 2017 ex
1084 1981 1198 2027 hujus
1219 1981 1322 2016 vocis
1349 1979 1506 2028 propria
1528 1979 1582 2014 si-

167 2042 429 2091 gnificatione,
455 2051 537 2079 test.
567 2045 681 2087 Gell.‚
708 2057 763 2088 11,
795 2044 837 2089 6,
870 2043 935 2092 qui
964 2051 1139 2092 raptatur
1173 2051 1288 2093 atque
1319 2044 1395 2079 huc
1427 2050 1463 2078 et
1492 2042 1580 2078 illuc

168 2105 405 2151 distrahitur,
427 2106 457 2142 is
480 2108 620 2142 vexari
637 2106 789 2142 dicitur.

223 2169 310 2203 Cn.
341 2169 438 2204 LIV.
471 2169 656 2204 Antistius
677 2169 815 2205 Labeo.
845 2171 964 2215 Gell.‚
980 2183 1052 2205 xm
1069 2198 1077 2214 ,
1110 2182 1152 2205 12
1177 2183 1213 2204 :a
1236 2170 1277 2204 Iu
1304 2168 1471 2216 quadam
1497 2167 1581 2215 epi-

168 2231 265 2266 stola
292 2230 387 2266 Ateii
417 2230 614 2279 Capitonis
633 2231 819 2279 scriptum
840 2232 1021 2281 legimus,
1048 2233 1267 2268 Labeonem
1288 2230 1495 2266 Antistium
1523 2230 1581 2264 le—

168 2304 258 2341 gum
279 2299 394 2341 atque
412 2305 566 2329 morum
585 2293 722 2342 populi
741 2295 890 2330 romani
908 2294 1084 2342 jurisque
1103 2294 1222 2329 civilis
1236 2293 1395 2329 doctum
1411 2293 1582 2340 apprime

169 2354 295 2390 fuisse.
327 2371 346 2387 n

223 2417 445 2465 Respondit·
470 2418 565 2464 DiO,
593 2431 678 2466 MV,
705 2432 741 2467 P·
773 2418 841 2455 531
872 2429 1031 2471 ἒΠρὼτεν
1063 2427 1120 2470 μὲν
1151 2425 1385 2470 ἰπιωρκηκένπι
1408 2437 1442 2455 τε
1485 2424 1579 2455 αὐτην

171 2486 244 2529 ἔφη,
263 2485 319 2519 καὶ
341 2487 586 2532 τιμωρήσεσθαι
608 2488 801 2525 ἠπείλησεν”
824 2489 940 2522 ἔπειτα.
967 2485 1005 2520 δὲ
1026 2488 1171 2526 εἰπόντος
1191 2488 1306 2520 αὐτοῦ’
1327 2486 1383 2519 καὶ
1412 2486 1445 2518 τί
1476 2482 1577 2517 δεινὴ-ι

170 2549 355 2589 πεποίηκα,
375 2550 555 2593 κατασχὼν
577 2550 607 2582 ἐν
631 2555 677 2595 τῷ
703 2547 864 2596 Συνενῗρῖῳ
885 2547 1010 2595 ἄνδρα,
1033 2552 1063 2583 ὃν
1093 2550 1131 2582 σὺ
1161 2554 1224 2582 τῶν
1253 2549 1423 2593 ἀρχιερέων
1454 2548 1500 2580 ἔτι
1527 2547 1582 2578 καὶ

171 2615 220 2642 νῦν
247 2613 396 2655 πιριιρᾷς
416 2612 513 2651 ὄντα,
534 2609 691 2655 οὐδεμίαν
714 2613 805 2658 ἀργὴν
835 2614 1026 2649 ἐποιήσατο.

230 2666 472 2713 Fraudifuit.
497 2667 581 2702 scil.
605 2669 813 2703 clsz-n'mini
831 2675 894 2704 aut
914 2670 1067 2703 (Iamno.
1091 2669 1216 2712 Ser-vu,
1241 2667 1387 2702 AEm’icl.
1404 2694 1413 2709 ‚
1440 2679 1459 2700 x
1475 2695 1484 2707 ,
1505 2677 1552 2710 72
1575 2678 1580 2698 :

174 2727 211 2762 in
230 2729 315 2774 jure
342 2730 479 2764 lectum
502 2737 555 2764 est
577 2728 743 2774 :fraudi
759 2730 828 2764 erit
854 2730 913 2765 illa
935 2743 1016 2774 res,
1039 2730 1061 2764 i.
1090 2743 1120 2764 c.
1134 2758 1143 2774 ‚
1162 2730 1339 2776 periculo.
