1971 3342
434 252 487 265 Ιὶἱὶ
493 250 734 265 §.mmmm
741 250 857 263 mm*
864 249 920 261 mu
925 249 980 262 ΙΜἹ
986 248 1103 262 ww
1109 248 1225 262 mm&
1231 246 1409 261 mxmm'!
1415 245 1593 258 ἋΝΊΙΛΜᾺΝΜ
1598 243 1778 258 mmmmm

831 484 1359 553 CALIGULA.

410 986 444 1027 Ι.
483 946 853 1041 GERMANICUS,
885 987 933 1029 C.
968 985 1147 1029 Caesaris
1178 995 1323 1045 pater,
1354 984 1487 1029 Drusi
1521 995 1563 1028 et
1597 986 1779 1030 minoris

412 1065 616 1109 Antoniae
641 1064 780 1117 filius,
805 1081 830 1108 a
849 1064 1025 1108 Tiberio
1051 1074 1206 1124 patruo
1231 1064 1489 1123 adoptatus,
1515 1075 1777 1124 quaesturam

411 1145 716 1205 quinquennio
741 1153 867 1200 ante,
896 1160 1028 1203 quam
1055 1160 1134 1204 per
1158 1142 1273 1204 leges
1298 1142 1473 1199 liceret,
1495 1153 1538 1187 et
1564 1154 1662 1205 post
1685 1161 1780 1188 eam

411 1223 689 1268 consulatum
724 1224 871 1267 statim
905 1223 1069 1285 gessit:
1098 1223 1340 1283 missusque
1376 1223 1431 1266 ad
1463 1224 1702 1267 exercitum
1735 1224 1779 1267 in

411 1304 715 1358 Germaniam,
735 1320 912 1347 excessu
936 1305 1122 1364 Augusti
1143 1303 1370 1359 nunciato,
1390 1301 1579 1364 legiones
1602 1304 1780 1347 univer-

410 1401 501 1439 sas,
530 1385 836 1445 imperatorem
870 1383 1092 1427 Tiberium
1126 1382 1468 1443 pertinacissime
1500 1392 1780 1437 recusantes,

411 1475 454 1509 et
486 1465 566 1508 sibi
598 1481 812 1509 summam
839 1462 1089 1524 reipublicae
1115 1462 1381 1518 deferentes,
1413 1464 1649 1519 incertum,
1677 1480 1780 1506 con-

410 1545 571 1588 stantia
610 1561 663 1588 an
699 1545 858 1605 pietate
894 1544 1085 1603 majore,
1123 1544 1420 1603 compescuit,
1460 1552 1619 1603 atque,
1656 1543 1781 1587 hoste

410 1640 510 1667 mox
534 1624 729 1678 devicto,
755 1623 1057 1684 triumphavit.
1089 1621 1256 1666 Consul
1284 1621 1440 1666 deinde
1470 1623 1628 1667 iterum
1659 1639 1779 1667 erea—

409 1713 478 1747 tus
495 1738 506 1760 ,
537 1721 586 1748 ac
613 1705 733 1764 prius
759 1720 889 1764 quam
917 1704 1128 1747 honorem
1156 1703 1313 1756 iniret,
1344 1703 1397 1746 ad
1426 1702 1780 1763 componendum

410 1784 604 1827 Orientis
634 1793 794 1827 statum
820 1781 1051 1843 expulsus,
1081 1799 1217 1843 quum
1242 1782 1459 1826 Armeniae
1488 1799 1634 1843 regem
1659 1782 1781 1826 devi-

408 1864 560 1919 cisset,
592 1862 915 1924 Cappadociam
949 1863 992 1906 in
1029 1862 1265 1924 provinciae
1297 1861 1485 1906 formam
1519 1861 1780 1921 redegisset,

409 1960 574 1987 annum
618 1943 753 1987 aetatis
793 1959 925 2004 agens
971 1952 1176 2002 quartum
1217 1953 1260 1986 et
1301 1943 1567 1985 tricesimum
1613 1941 1782 1984 diutino

408 2023 563 2066 morbo
601 2023 844 2067 Antiochiae
881 2022 1014 2076 obiit,
1054 2038 1143 2064 non
1182 2022 1275 2064 sine
1317 2021 1476 2064 veneni
1523 2021 1780 2080 suspicione.

410 2103 523 2146 Nam
550 2112 703 2161 praeter
724 2101 902 2156 livores,
923 2102 998 2160 qui
1023 2110 1114 2143 toto
1139 2116 1323 2160 corpore
1347 2109 1491 2156 erant,
1517 2109 1560 2143 et
1584 2116 1782 2160 spumas,

410 2198 505 2241 quae
531 2197 607 2240 per
633 2197 680 2223 os
705 2180 923 2236 fluebant,
949 2180 1129 2223 cremati
1155 2196 1330 2240 quoque
1355 2196 1430 2223 cor
1456 2180 1568 2222 inter
1594 2196 1690 2223 ossa
1718 2179 1783 2221 in-

412 2270 669 2321 corruptum
700 2270 919 2321 repertum
947 2269 1011 2303 est
1036 2276 1044 2302 :
1072 2260 1196 2316 cujus
1224 2276 1273 2303 ea
1306 2269 1462 2303 natura
1488 2260 1781 2314 existimatur,

410 2350 459 2384 ut
485 2342 667 2384 tinctum
699 2356 867 2384 veneno
900 2339 1000 2400 igne
1028 2339 1183 2383 confici
1214 2348 1414 2399 nequeat.

472 2422 529 2464 II.
561 2419 684 2462 Obiit
709 2429 878 2475 autem,
903 2429 951 2462 ut
976 2420 1126 2479 opinio
1149 2419 1253 2475 fuit,
1275 2418 1427 2461 fraude
1446 2418 1629 2471 Tiberii,
1654 2417 1782 2460 mini-

411 2499 540 2542 sterio
564 2508 607 2541 ct
631 2515 763 2558 opera
784 2501 864 2543 Cn.
892 2497 1060 2541 Pisonis
1083 2514 1091 2539 τ
1115 2498 1189 2556 qui
1215 2498 1294 2540 sub
1320 2497 1432 2540 idem
1462 2507 1631 2557 tempus
1650 2495 1782 2555 Syriae

415 2579 674 2638 praepositus
692 2612 702 2631 ‚
727 2576 1132 2638 nec-dissimulans,
1158 2576 1468 2620 offendendum
1497 2576 1577 2619 sibi
1603 2584 1677 2618 aut
1706 2590 1782 2634 pa-

413 2667 547 2711 trem,
578 2667 652 2700 aut
685 2657 849 2712 filium,
881 2657 1001 2715 quasi
1032 2655 1159 2715 plane
1191 2657 1247 2699 ita
1281 2672 1453 2699 necesse
1486 2664 1620 2708 esset,
1652 2654 1780 2697 etiam
