1988 3407
682 256 732 290 IN
767 256 806 289 C.
838 255 869 289 J.
903 254 1163 290 CAESAREM.
1552 260 1623 303 ¹49

218 334 360 370 tatione
373 332 516 378 effecit,
529 338 571 368 ut
591 332 822 380 repetiturus
841 331 943 377 illas,
957 343 977 366 a
999 331 1139 379 quibus
1158 329 1494 378 proficiscebatur,
1508 338 1625 368 terras

220 396 422 432 videretur.
448 411 463 427 ν

274 459 468 494 Salutioni.
502 455 666 492 Plurima
704 455 752 491 de
789 455 864 491 hoc
896 455 1126 505 cognomine
1158 454 1356 502 disputant
1395 454 1468 490 viri
1501 455 1626 500 docti,

221 519 360 568 quibus
380 516 599 567 perpensis,
628 517 680 553 sic
699 518 753 553 Cl.
781 518 908 554 Hase:
937 534 950 549 a
976 519 1082 553 Patet
1113 529 1193 552 non
1223 517 1368 552 Nostro
1396 515 1549 552 demum
1577 519 1631 552 ad

220 582 466 631 opprobrium
493 582 586 617 ὐἱέας
605 581 679 615 hoc
705 591 920 629 cognomen
946 580 1111 625 venisse,
1138 579 1204 616 sed
1227 578 1294 614 uni
1322 591 1368 614 ex
1396 578 1478 625 ejus
1503 579 1628 626 majo—

220 644 327 681 ribus
347 644 398 680 ob
423 643 500 679 oris
520 655 605 678 cum
626 641 742 677 mimo
762 642 957 678 Salutione
982 642 1277 678 similitudinem.
1301 656 1317 672 »

275 716 365 751 Cn».
389 715 472 751 LX.
496 713 682 750 sumebat.
703 713 764 749 Sic
784 713 923 760 Tacit.‚
938 714 1035 749 Ηιζςτ.
1045 741 1056 758 ,
1072 726 1123 759 11,
1140 719 1186 757 42
1204 726 1212 748 ε
1228 730 1243 746 «
1267 711 1477 749 Othoniani
1491 724 1628 760 quam-

223 790 342 826 quam
356 776 516 826 dispersi
528 775 778 824 „pauciores‚
792 775 897 821 fessi,
910 776 1090 823 proelium
1111 783 1236 811 tamen
1261 775 1399 810 acriter
1418 787 1596 810 sumsere.
1615 791 1629 806 ι

277 848 552 897 spurcissimis.
579 847 625 883 Η.
666 859 696 882 e.
736 846 963 894 asperrimis.
993 848 1094 883 Non.
1111 876 1120 893 ,
1146 861 1205 892 lv,
1240 846 1314 890 425
1342 860 1350 881 ε
1384 847 1628 894 «Spurcum,

220 911 443 955 vehemens,
472 922 660 958 asperum.
679 925 694 939 »
720 910 773 944 M.
802 909 901 945 Tull.
921 910 977 944 ad
1005 909 1195 945 Coesarem
1217 909 1322 955 jun„
1351 922 1379 943 11
1417 921 1424 943 :
1455 924 1475 940 ct
1504 910 1632 954 Quum

220 973 292 1009 iter
315 973 479 1008 facerem
502 972 718 1008 claternam
739 978 960 1019 tempestate
977 972 1228 1020 spurcissima.
1259 988 1273 1003 »

277 1044 469 1091 Quantum
502 1042 665 1089 auferre.
699 1042 899 1078 calamitas
928 1043 1030 1079 enim
1062 1043 1233 1079 minuere
1266 1043 1361 1078 solet
1392 1041 1634 1090 imperatoris

221 1105 496 1142 auctoritatem.
525 1105 638 1150 Caes.,
656 1100 708 1139 B.
734 1106 802 1148 G.,
825 1118 881 1140 vn
896 1134 905 1150 ,
927 1106 975 1141 30
1001 1119 1008 1140 ;
1034 1106 1200 1154 «Itaque
1227 1113 1268 1141 ut
1299 1104 1537 1153 reliquorum
1559 1105 1631 1140 im-

219 1175 443 1218 peratorum
463 1180 522 1203 res
547 1167 713 1202 adversae
733 1168 999 1203 auctoritatem
1019 1168 1220 1212 minuunt,
1241 1175 1309 1203 etc.
1332 1184 1345 1197 υ

273 1229 511 1266 Dt'mc'etebat.
534 1230 687 1277 Equum
708 1229 850 1266 dimisit
876 1237 1118 1279 pugnaturus
1143 1243 1229 1266 cum
1257 1228 1460 1273 Helvetiis,
1487 1235 1529 1263 ut
1555 1229 1633 1276 ipse

224 1293 357 1338 docet,
378 1293 476 1328 Bell.
511 1292 635 1335 Gall„
668 1305 721 1337 11,
759 1291 820 1328 25.
846 1293 1059 1338 Plutarch,
1096 1294 1132 1328 ιή
1162 1293 1284 1336 Coes.,
1318 1305 1354 1340 p.
1392 1292 1464 1338 716
1489 1305 1496 1326 :
1526 1298 1635 1330 Κάκεῖ

224 1365 417 1406 αυναγαγῶν
447 1360 503 1394 καὶ
529 1360 723 1405 ππεπτάξας
746 1374 801 1396 την
828 1357 989 1406 dsuetum,
1014 1363 1052 1400 ὡς
1074 1362 1171 1399 ἵππος
1200 1363 1260 1394 αότ
1265 1366 1287 1405 ᾧ
1312 1374 1352 1393 πε
1359 1361 1490 1404 οσπχθτ,
1529 1374 1562 1393 τ
1554 1374 1606 1393 υτ
1609 1375 1633 1406 ῳ

225 1425 296 1469 μὲν,
321 1425 403 1468 ἔφης
417 1437 552 1461 νυιτσεις
575 1436 611 1468 χε
599 1436 675 1458 10²2
681 1437 740 1467 μαι
770 1424 847 1467 πρὸς
868 1437 926 1459 τιν
957 1420 1077 1462 Siwffiv'
1052 1438 1066 1455 t
1099 1427 1150 1456 νῦν
1178 1420 1217 1456 ὸε
1244 1424 1340 1468 ἴωμεν
1369 1423 1423 1456 ἐπ.
1448 1436 1481 1455 τ
1471 1436 1520 1460 ευς
1540 1427 1635 1455 πολε-

225 1487 322 1524 μίους.
345 1486 415 1519 Καὶ
438 1487 500 1524 πεζ
554 1486 698 1530 ὅρια-ἕσας
706 1507 716 1524 ‚
741 1487 788 1518 ε’·ει
778 1483 871 1518 4⁶32).-
862 1499 902 1518 ε.ν
925 1479 1031 1515 Idem
1060 1480 1099 1515 in
1123 1480 1262 1528 proelio
1289 1479 1337 1515 ad
1363 1479 1549 1514 BIundam
1577 1479 1635 1515 se-

223 1542 315 1579 cisse
339 1542 456 1578 tradit
473 1542 594 1587 Flor.,
614 1555 672 1588 ιν,
702 1548 735 1585 4.

281 1614 371 1650 Cn.
401 1613 504 1649 LXI.
536 1614 683 1661 Equo...
711 1614 909 1649 dedicavit.
942 1614 1061 1659 Plin.‚
1088 1615 1135 1649 H.
1167 1615 1238 1657 N.,
1268 1627 1367 1659 vm,
1403 1626 1444 1649 12
1474 1627 1481 1648 :
1512 1629 1530 1646 ιι
1557 1615 1636 1649 Nec

223 1677 378 1714 Caesaris
391 1675 589 1712 dictatoris
602 1688 833 1724 quemquam
854 1676 967 1711 alium
987 1677 1172 1724 recepisse
1187 1677 1302 1713 dorso
1319 1690 1441 1725 equus
1461 1676 1637 1719 traditur,

222 1738 404 1786 idemque
416 1737 591 1773 humanis
605 1737 742 1774 similes
758 1737 876 1786 pedes
891 1739 1039 1786 priores
1054 1739 1247 1783 habuisse,
1270 1740 1339 1774 hae
1354 1737 1479 1787 effigie
1491 1739 1637 1774 locatus

226 1808 312 1836 antc
337 1799 497 1835 Veneris
518 1800 729 1835 Genetricis
755 1800 884 1836 aedem.
909 1818 923 1832 2>
949 1802 993 1836 In
1021 1815 1099 1849 quo
1129 1802 1317 1837 animadv.
1336 1802 1539 1850 genetricis
1564 1814 1636 1848 pro

222 1862 413 1912 genitricis
427 1874 474 1897 ex
495 1863 549 1897 Cl.
573 1863 671 1897 Hase
692 1863 896 1897 Burmann.
919 1871 953 1898 et
975 1864 1229 1912 Oudendorp.
1253 1871 1393 1899 secuto.

280 1933 369 1969 Cn.
403 1933 526 1968 LXII.
560 1932 746 1968 contortis
762 1932 957 1978 saucibus.
990 1935 1035 1969 H.
1065 1947 1095 1969 e.
1131 1934 1168 1969 in
1206 1936 1351 1970 hostem
1379 1934 1552 1980 reflexis,
1597 1942 1638 1970 ut

229 1995 348 2038 Plin.‚
372 1995 420 2029 H.
448 1995 520 2036 N,
542 2007 619 2038 vn,
644 2000 689 2038 44
714 2009 720 2029 ;
745 1995 932 2031 «intortas
947 1995 1080 2032 fauces.
1098 2013 1111 2025 ιι

285 2067 373 2103 Cn.
396 2067 537 2102 LXIV.
570 2066 752 2101 Trahens.
782 2066 902 2101 Aliter
927 2067 1026 2101 Flor.
1044 2095 1053 2111 ,
1083 2080 1134 2112 ιν,
1158 2079 1178 2102 2
1202 2081 1209 2101 :
1232 2083 1251 2099 τι
1268 2067 1360 2103 Inde
1391 2068 1572 2116 depulsus
1600 2069 1637 2104 in

227 2129 344 2164 maria
374 2128 471 2164 mira
495 2127 673 2163 felicitate
695 2128 743 2163 ad
767 2129 982 2176 proximam
1006 2131 1158 2165 classem
1185 2130 1373 2175 enatavit,
1393 2130 1526 2166 relicto
1549 2131 1637 2178 qui-

229 2191 317 2228 dem
343 2191 383 2227 in
414 2189 596 2226 fluctibus
620 2190 911 2238 paludament0‚
939 2203 1004 2227 scu
1040 2192 1141 2236 fato,
1168 2205 1234 2227 seu
1264 2192 1441 2238 consilio,
1473 2200 1514 2228 ut
1545 2193 1636 2228 illud

228 2252 496 2303 ingruentibus
518 2252 685 2288 hostium
711 2252 794 2288 telis
816 2252 991 2300 saxisque
1015 2261 1220 2301 peteretur.
1240 2270 1259 2287 υ

283 2325 372 2361 Cn.
392 2325 510 2360 LXV.
533 2323 792 2359 Suberahebat.
813 2323 900 2359 scil.
922 2337 978 2369 se3
998 2325 1034 2360 h.
1063 2337 1093 2360 e.
1120 2325 1446 2373 proficiscebatur.

285 2397 373 2432 Cn.
398 2396 537 2432 LXVI.
561 2395 753 2430 Terribilis
767 2403 875 2430 esset.
890 2398 1001 2430 Auct.
1024 2397 1119 2430 Bell.
1144 2396 1263 2442 Afric.
1284 2411 1295 2431 .·
1312 2415 1323 2425 „
1341 2398 1431 2433 Erat
1449 2398 1486 2433 in
1507 2400 1637 2436 castris

232 2459 386 2496 Caesaris
399 2457 597 2506 superiore
626 2465 797 2504 tempore
824 2469 983 2506 magnus
1009 2465 1152 2502 terror,
1184 2466 1219 2494 et
1253 2460 1536 2507 exspectatione
1565 2474 1634 2497 co-

231 2522 380 2570 piarum
396 2520 584 2569 regiarum
604 2519 792 2555 exercitus
817 2520 897 2566 ejus
918 2521 1034 2569 magis
1055 2521 1296 2568 suspensiorc
1311 2522 1437 2557 animo
1458 2530 1543 2558 antc
1564 2524 1633 2559 ad-

232 2590 386 2620 ventum
408 2582 514 2618 Jubae
535 2581 858 2617 commovebatur.
882 2600 894 2611 »ι

286 2647 402 2682 Nave.
434 2645 560 2680 fuisse
594 2644 666 2679 hoc
705 2644 807 2691 apud
839 2651 982 2678 vetere*
1009 2658 1127 2691 poena'
1153 2658 1270 2694 genus
1298 2653 1443 2680 constat
1472 2660 1515 2681 cx
1541 2648 1632 2683 Plin.

234 2709 399 2757 Paneg„
423 2719 565 2742 xxxiv:
598 2705 796 2755 ·(]ongesti
825 2713 909 2741 sunt
938 2707 974 2741 in
993 2707 1140 2754 navigia
1172 2707 1307 2755 raptim
1330 2708 1560 2756 conquisita,
1594 2717 1634 2743 ut
