1988 3439
639 253 676 286 C.
708 251 879 286 JULIUS
908 250 1087 285 CJESAR.
1508 246 1554 289 45

185 352 293 396 quos
315 338 488 381 sinistra
511 352 642 381 manu
662 336 858 389 tenebat,
879 335 1001 394 quasi
1019 332 1344 387 moxleeturus,
1363 331 1560 375 commis-

185 417 288 460 cuit.
305 418 417 461 Dein
432 415 630 478 pluribus
654 416 805 460 hostiis
830 415 969 470 caesis,
985 430 1122 475 quum
1139 412 1262 456 litare
1282 429 1369 455 non
1396 422 1558 473 posset,

186 499 351 542 introiit
377 499 541 542 curiam
567 507 711 559 spreta
737 496 964 558 religione,
988 495 1342 556 Spurinnamque
1361 494 1559 548 irridens,

184 590 226 624 et
249 590 297 625 ut
321 579 478 624 falsum
506 596 720 641 arguens,
755 577 873 640 quod
901 580 992 621 sine
1017 576 1107 621 ulla
1132 592 1244 620 noxa
1273 574 1370 619 idus
1394 576 1560 618 martiae

183 660 378 705 adessent
403 679 412 704 :
440 677 691 722 quanquam
716 661 750 704 is
775 661 941 703 venisse
971 658 1148 720 quidem
1174 673 1243 701 eas
1271 655 1456 712 diceret,
1486 654 1560 699 sed

184 758 271 785 non
296 743 548 803 praeterisse.

247 824 473 867 LXXXII.
499 822 772 867 Assidentem
813 821 1073 882 conspirati,
1109 819 1248 881 speeie
1286 818 1441 873 officii,
1479 819 1562 861 cir-

184 913 503 947 cumsteterunt
530 921 539 947 ε
566 902 770 964 illicoque
787 903 966 947 Cimber
983 900 1159 957 Tillius,
1182 901 1257 961 qui
1282 901 1443 961 primas
1463 916 1563 960 par--

186 994 247 1028 tes
290 994 555 1046 susceperat,
589 986 711 1045 quasi
751 983 917 1045 aliquid
950 992 1183 1044 rogaturus
1213 982 1394 1043 propius
1425 997 1565 1024 acces-

186 1065 258 1121 sit3
288 1066 576 1126 renuentique
604 1075 646 1109 et
678 1076 801 1127 gestu
829 1065 872 1108 in
905 1063 1024 1108 aliud
1057 1074 1228 1124 tempus
1265 1062 1483 1106 differenti
1511 1062 1563 1104 al>

187 1155 375 1207 utroque
399 1147 583 1190 humero
601 1157 748 1208 togam
765 1145 1055 1208 apprehendit
1082 1163 1090 1188 :
1110 1144 1265 1188 deinde
1288 1143 1564 1195 clamantem,

187 1229 312 1270 «Ista
339 1227 517 1287 quidem
542 1229 607 1271 vis
646 1238 765 1283 est,)>
797 1227 905 1271 alter
934 1243 956 1270 e
987 1227 1145 1271 Cassiis
1178 1241 1378 1268 aversum
1416 1222 1567 1266 vulne-

188 1317 278 1362 rat,
302 1306 482 1367 paulum
510 1307 621 1351 infra
643 1307 863 1368 jugulum.
894 1308 1039 1349 Caesar
1071 1307 1209 1350 Cassii
1242 1304 1469 1348 brachium
1498 1320 1566 1346 ar-

188 1397 360 1448 reptum
382 1388 565 1449 graphio
593 1389 787 1448 t1¹aje‹·it;
811 1397 1083 1447 conatusque
1108 1386 1307 1446 prosilire
1325 1421 1335 1439 ,
1356 1385 1440 1428 alio
1468 1384 1564 1427 vul-

188 1484 291 1512 nere
314 1468 510 1512 tardatus
528 1479 604 1513 est.
623 1471 770 1530 thue
790 1468 1123 1522 animadvertit,
1152 1466 1344 1527 undique
1371 1482 1414 1509 se
1441 1466 1567 1509 strie-

189 1549 242 1593 tis
267 1549 533 1610 pugionibus
558 1551 668 1611 peti,
693 1560 794 1611 toga
819 1559 951 1610 caput
976 1547 1172 1593 obvolvit
1200 1565 1208 1591 ε
1235 1546 1364 1591 simul
1395 1547 1568 1589 sinistra

188 1646 321 1674 manu
347 1631 492 1674 sinum
518 1631 573 1674 ad
598 1632 684 1675 ima
708 1648 839 1674 crura
858 1629 1065 1685 deduxit,
1084 1646 1171 1690 quo
1191 1629 1417 1673 honestius
1443 1626 1567 1670 cade-

190 1721 277 1768 ret,
301 1713 430 1756 etiam
452 1711 657 1756 inferiore
683 1713 879 1772 corporis
906 1721 1029 1772 parte
1055 1710 1208 1754 velata.
1236 1713 1379 1770 Atque
1409 1709 1468 1752 ita
1498 1709 1573 1752 tri—

189 1792 271 1836 bus
298 1802 340 1836 et
379 1793 534 1853 viginti
572 1792 710 1854 plagis
747 1793 973 1836 confossus
1001 1802 1092 1848 est,
1121 1809 1210 1835 uuo
1236 1790 1366 1835 modo
1401 1790 1454 1833 ad
1485 1790 1573 1850 pri-

191 1889 311 1916 mum
350 1873 484 1916 ictum
523 1874 688 1933 gemitu
735 1873 827 1915 sine
866 1889 970 1915 voce
999 1872 1145 1927 edito3
1183 1873 1261 1915 etsi
1295 1871 1573 1915 tradiderunt

190 1952 386 2014 quidam,
412 1955 474 1996 M.
502 1955 639 1997 Bruto
668 1954 849 1997 irruenti
880 1953 1056 2009 dixisse,
1083 1955 1170 1998 Kx}
1200 1956 1251 1997 σὺ
1283 1952 1428 1997 τέκνον.
1465 1954 1576 1995 Exa-

190 2035 344 2091 nimis,
381 2033 712 2096 diffugientibus
746 2035 935 2090 cunctis,
967 2034 1219 2094 aliquandiu
1247 2034 1406 2093 jacuit,
1435 2031 1574 2075 donee

190 2115 352 2160 lecticae
392 2117 671 2177 impositum,
710 2116 985 2177 dependente
1023 2116 1231 2170 brachio,
1283 2125 1368 2158 tres
1412 2111 1574 2157 servuli

193 2195 372 2240 domum
402 2196 662 2240 retulerunt.
691 2199 785 2242 Nee
816 2198 861 2240 in
889 2207 953 2240 tot
986 2196 1260 2252 vulneribus,
1289 2206 1338 2239 ut
1362 2194 1576 2239 Antistius

194 2276 386 2320 medicus
401 2277 694 2334 existimabat,
711 2276 838 2321 letale
857 2276 994 2320 ullum
1015 2287 1237 2338 repertum
1251 2286 1337 2332 est,
1360 2276 1441 2318 nisi
1459 2274 1577 2335 quod

192 2356 386 2401 secundo
413 2355 508 2399 loco
546 2357 589 2398 in
617 2366 792 2417 pectore
818 2367 1054 2416 acceperat.
1087 2360 1244 2401 Fuerat
1274 2357 1446 2399 animus
1475 2371 1578 2397 ron-

189 2437 366 2498 juratis,
385 2453 542 2497 corpus
561 2438 689 2481 occisi
711 2438 751 2479 in
771 2437 963 2480 Tiberim
982 2437 1174 2492 trahere,
1198 2437 1312 2480 bona
1335 2435 1577 2496 publicare,

195 2526 291 2562 acta
319 2516 566 2561 rescindere
594 2534 602 2560 :
631 2516 702 2560 sed
736 2527 853 2561 metu
882 2518 942 2560 M.
979 2517 1160 2560 Antonii
1189 2515 1379 2560 consulis
1409 2526 1451 2558 et
1490 2530 1578 2557 ma-

196 2599 320 2660 gistri
347 2599 542 2659 equitum
570 2598 742 2659 Lepidi,
770 2597 1042 2642 destiterunt.

263 2680 515 2723 LXXXIII.
542 2677 796 2724 Postulante
823 2695 927 2740 ergo
954 2681 1002 2723 L.
1044 2679 1200 2722 Pisone
1239 2694 1409 2733 socero,
1447 2685 1574 2720 testa-
