1971 3342
361 215 381 249 1]
389 214 409 247 8
897 215 934 250 C.
962 216 1192 253 SUETONII

425 294 585 337 XXIX.
625 295 809 351 Urbem,
842 313 981 357 neque
1012 317 1092 360 pro
1129 301 1351 360 majestate
1387 303 1555 363 imperii
1596 320 1723 346 orna-

364 382 472 427 tam,
513 382 555 416 et
591 373 947 421 inundationibus
977 379 1272 440 incendiisque
1310 382 1560 439 obnoxiam,
1600 399 1724 426 exco-

366 450 446 494 luit
478 451 609 507 adeo,
645 464 692 498 ut
716 456 813 515 jure
849 457 904 500 sit
935 457 1172 518 gloriatus,
1199 478 1486 506 marmoream
1523 478 1566 506 se
1595 461 1726 505 relin-

366 547 525 591 quere,
553 550 684 592 quam
716 529 954 579 vlatericiam
983 539 1228 599 accepisset.
1254 542 1410 584 Tutam
1442 557 1563 597 vero,
1588 557 1726 601 quan-

368 620 460 654 tum
476 612 697 672 provideri
715 614 907 658 humana
920 617 1087 660 ratione
1112 620 1254 678 potuit
1268 653 1279 675 ,
1296 620 1426 664 etiam
1442 621 1485 663 in
1503 630 1727 681 posterum

368 692 580 751 praestitit.
607 691 788 736 Publica
823 711 955 754 opera
986 695 1172 756 plurima
1205 700 1415 742 exstruxit
1446 716 1454 742 :
1487 716 1537 742 ex
1571 700 1728 759 quibus

369 769 438 814 vel
468 771 711 832 praecipua,
732 772 872 817 forum
903 791 1002 821 cum
1027 776 1115 819 aede
1137 778 1291 821 Martis
1320 777 1475 822 ultoris
1492 813 1503 834 ‚
1521 778 1730 841 templum

370 849 583 910 Apollinis
609 852 653 894 in
675 852 862 909 Palatio,
889 854 1022 898 aedem
1049 858 1258 900 Tonantis
1283 858 1398 902 Jovis
1426 859 1469 901 in
1500 859 1728 919 Capitolio.

372 930 472 973 Fori
494 931 744 975 exstruendi
775 949 902 976 causa
924 933 1004 977 fuit
1025 935 1252 981 hominum
1272 947 1313 980 ct
1337 937 1601 997 judiciorum
1624 937 1732 981 mul-

374 1009 515 1053 titudo
531 1043 542 1065 ,
562 1028 657 1071 quae
671 1011 918 1067 videbatur,
935 1030 1022 1057 non
1049 1015 1364 1059 sufficientibus
1391 1017 1578 1073 duobus,
1600 1019 1729 1062 etiam

374 1089 501 1132 tertio
545 1089 751 1151 indigere.
793 1093 944 1152 Itaque
980 1093 1276 1151 festinantius,
1317 1096 1502 1139 necdum
1548 1097 1735 1157 perfecta

371 1169 528 1214 Martis
553 1168 661 1228 aede,
690 1170 959 1232 publicatum
988 1183 1071 1228 est,
1108 1183 1392 1236 cautumque,
1426 1185 1475 1220 ut
1503 1178 1735 1237 separatim

376 1251 420 1293 in
459 1267 510 1294 eo
548 1251 723 1312 publica
766 1252 929 1312 judicia
969 1263 1012 1297 et
1052 1255 1298 1298 sortitiones
1335 1255 1533 1315 judicum
1572 1255 1735 1300 fierent.

379 1330 529 1374 AEdem
553 1331 732 1386 Martis,
752 1330 867 1374 bello
889 1331 1149 1393 philippensi
1169 1350 1248 1394 pro
1270 1333 1433 1378 ultione
1452 1344 1632 1396 paterna
1648 1351 1738 1379 sus-

380 1418 529 1469 cepto,
555 1419 746 1454 voverat.
779 1411 930 1454 Sanxit
964 1426 1095 1471 ergo,
1118 1422 1166 1455 ut
1189 1412 1241 1456 de
1271 1412 1391 1457 bellis
1423 1414 1738 1474 triumphisque

379 1488 450 1531 hic
477 1487 776 1532 consuleretur
815 1500 986 1533 senatus
1017 1507 1026 1533 ε
1056 1492 1302 1551 provincias
1331 1509 1430 1536 cum
1463 1494 1643 1553 imperio
1671 1510 1740 1553 pe-

379 1567 501 1611 tituri
540 1568 640 1611 hinc
686 1568 1038 1612 deducerentur:
1076 1571 1237 1630 quique
1281 1573 1466 1616 victores
1505 1572 1739 1627 redissent,

380 1647 466 1691 huc
490 1648 673 1708 insignia
697 1649 1021 1708 triumphorum
1046 1650 1264 1694 inferrent.
1281 1650 1510 1712 Templum
1527 1650 1740 1711 Apollinis

382 1728 425 1770 in
461 1744 511 1771 ea
547 1737 668 1788 parte
702 1727 907 1771 Palatinae
943 1729 1096 1773 domus
1133 1731 1360 1786 excitavit,
1400 1747 1530 1791 quam
1561 1730 1740 1774 fulmine

382 1807 510 1850 ictam
534 1807 765 1851 desiderari
792 1824 816 1851 a
849 1793 930 1850 deo
954 1809 1203 1870 haruspices
1228 1811 1580 1870 pronunciamnt.
1611 1810 1743 1854 Addi-

383 1886 447 1929 dit
470 1888 660 1947 porticus
684 1904 784 1931 cum
808 1887 1071 1932 bibliotheca
1098 1889 1234 1933 latina
1258 1906 1480 1950 graecaque
1503 1906 1512 1932 ε
1533 1906 1620 1949 quo
1646 1888 1740 1933 loco

380 1966 469 2024 jam
494 1966 638 2009 senior
663 1983 774 2027 saepe
794 1968 924 2010 etiam
949 1977 1147 2011 senatum
1170 1968 1349 2023 habuit,
1373 1967 1656 2028 decuriasque
1675 1969 1745 2028 ju-

383 2044 528 2088 dicum
552 2047 819 2106 recognovit.
849 2048 1037 2089 Tonanti
1079 2047 1173 2089 Jovi
1206 2046 1340 2090 aedem
1376 2048 1666 2102 consecravit,
1691 2046 1742 2090 li-

383 2124 556 2167 beratus
602 2125 817 2185 periculo,
863 2143 999 2186 quum
1049 2126 1322 2187 expeditione
1376 2128 1620 2172 cantabrica
1667 2144 1745 2188 per

385 2213 648 2247 nocturnum
676 2205 757 2248 iter
778 2204 975 2249 lecticam
1002 2206 1092 2266 ejus
1119 2205 1266 2266 fulgur
1290 2208 1638 2266 praestrinxisset,
1664 2223 1747 2250 ser-

383 2299 571 2344 vumque
587 2283 893 2345 praelucentem
917 2289 1214 2329 exanimasset.
1239 2286 1449 2343 Quaedam
1467 2287 1595 2330 etiam
1616 2303 1747 2347 opera

384 2363 463 2407 sub
489 2366 663 2407 nomine
686 2364 846 2421 alieno,
876 2375 1086 2426 nepotum
1122 2365 1285 2409 scilicet
1317 2376 1358 2409 et
1394 2366 1540 2410 uxoris
1567 2366 1747 2410 sororis-

384 2459 486 2503 que,
524 2444 622 2487 fecit
652 2461 660 2487 :
690 2454 737 2488 ut
770 2445 989 2504 porticum
1034 2443 1342 2504 basilicamque
1390 2446 1485 2489 Caii
1524 2454 1565 2489 et
1601 2444 1745 2494 Lucii;

387 2526 489 2566 item
512 2526 703 2584 porticus
731 2526 865 2569 Liviae
891 2536 934 2568 et
961 2526 1171 2579 Octaviae,
1204 2525 1508 2585 theatrumque
1537 2524 1745 2569 Marcelli.

387 2602 466 2644 Sed
494 2613 536 2645 et
559 2615 723 2647 ceteros
751 2606 967 2664 principes
990 2606 1105 2647 viros
1130 2622 1240 2664 saepe
1266 2606 1463 2649 hortatus
1487 2614 1568 2661 est,
1600 2613 1645 2647 ut
1668 2621 1747 2665 pro
