1971 3342
358 252 403 286 82
898 251 938 285 C.
968 249 1203 286 SUETONII

420 335 544 378 VIII.
575 335 636 377 M.
660 331 902 394 Pompilius
930 332 1230 390 Andronicus,
1255 332 1432 377 natione
1459 335 1617 395 Syrus,
1644 344 1741 380 stu-

356 415 430 458 dio
459 414 672 476 epicureae
700 423 825 458 sectae
858 412 1118 458 desidiosior
1149 415 1193 458 in
1221 412 1491 475 professione
1519 431 1738 476 gramma—

354 497 452 540 ticae
474 495 730 551 habebatur,
752 494 986 554 minusque
1013 493 1196 538 idoneus
1215 493 1269 538 ad
1296 493 1505 539 tuendam
1529 494 1741 541 scholam.

355 577 531 637 Itaque,
554 592 693 636 quum
716 592 761 619 se
785 576 831 618 in
850 575 974 620 Urbe
997 591 1086 620 non
1111 574 1253 620 solum
1273 576 1468 620 Antonio
1489 576 1741 637 Gniphoni,

356 656 431 702 sed
460 657 615 701 ceteris
642 655 776 700 etiam
811 655 1103 700 deterioribus
1127 657 1333 718 postponi
1359 656 1551 713 videret,
1577 659 1743 702 Cumas

356 737 556 794 transiit,
590 737 740 798 ibique
768 737 813 780 in
842 737 934 781 otio
961 738 1091 795 vixit,
1124 746 1166 781 et
1190 736 1330 782 multa
1355 738 1602 799 composuit
1631 755 1641 782 :
1668 755 1744 782 ve-

355 835 455 863 rum
483 818 592 863 adeo
618 819 746 879 inops
775 827 907 879 atque
933 834 1090 880 egens,
1116 828 1165 863 ut
1190 828 1366 863 coactus
1390 819 1447 863 sit
1470 819 1744 880 praecipuum

357 899 470 944 illud
494 898 758 961 opusculum
788 916 916 943 suum
948 898 1175 944 annalium
1206 899 1339 944 Ennii
1363 898 1646 944 elenchorum
1677 916 1746 944 se-

356 979 496 1024 decim
524 979 719 1024 millibus
750 996 984 1023 nummum
1013 979 1187 1024 cuidam
1214 978 1404 1024 vendere
1432 997 1441 1024 :
1471 996 1582 1040 quos
1610 979 1746 1024 libros

356 1059 557 1105 Orbilius
596 1076 854 1121 suppressos
890 1060 1125 1104 redemisse
1164 1077 1209 1105 se
1243 1060 1374 1116 dixit,
1411 1059 1747 1122 vulgandosque

356 1157 532 1185 curasse
559 1142 739 1184 nomine
763 1141 967 1185 auctoris.

419 1223 498 1265 IX.
543 1220 742 1266 Orbilius
773 1220 974 1282 Pupillus
1012 1224 1368 1279 Beneventanus,
1406 1230 1550 1266 morte
1589 1237 1750 1282 paren·

356 1313 480 1360 tum,
521 1319 609 1347 una
643 1312 776 1363 atque
804 1301 956 1347 eadem
990 1302 1059 1347 die
1088 1303 1368 1347 inimicorum
1406 1301 1509 1347 dolo
1540 1302 1749 1346 interem-

357 1394 528 1440 torum,
549 1383 807 1440 destitutus,
836 1383 983 1444 primo
1002 1384 1305 1445 apparituram
1328 1381 1660 1444 magistratibus
1684 1381 1749 1426 fe-

357 1466 418 1510 cit
441 1481 451 1508 :
474 1464 632 1508 deinde
656 1465 700 1508 in
724 1464 990 1509 Macedonia
1017 1463 1270 1521 corniculo,
1296 1481 1399 1508 mox
1420 1480 1534 1523 equo
1556 1463 1717 1507 meruit
1742 1480 1750 1505 :

357 1545 625 1606 functusque
644 1544 817 1601 militia,
839 1545 983 1589 studia
1004 1545 1194 1606 repetiit,
1219 1544 1424 1605 quaejam
1446 1542 1549 1587 inde
1570 1560 1594 1587 a
1613 1559 1752 1604 puero

359 1643 451 1670 non
475 1625 631 1670 leviter
654 1627 861 1686 attigerat
889 1643 899 1668 ε
929 1641 979 1669 ac
1008 1624 1228 1685 professus
1256 1624 1332 1669 diu
1360 1625 1403 1668 in
1432 1624 1596 1685 patria,
1621 1624 1753 1684 quin-

360 1706 615 1768 quagesimo
655 1705 831 1750 demum
876 1722 993 1749 anno
1031 1708 1246 1761 Romam,
1287 1703 1468 1748 consule
1505 1705 1720 1749 Cicerone
1742 1738 1753 1760 ,

360 1788 563 1843 transiit;
597 1786 838 1847 docuitque
880 1787 1046 1847 majore
1080 1785 1224 1840 fama,
1264 1801 1395 1846 quam
1436 1783 1749 1829 emolumento.

360 1869 564 1928 Namque
593 1868 684 1928 jam
720 1883 960 1928 persenex„
990 1881 1232 1928 pauperem
1263 1881 1333 1922 se,
1368 1874 1411 1909 et
1439 1864 1639 1908 habitare
1672 1864 1753 1908 sub

362 1948 545 2010 tegulis,
573 1949 766 2010 quodam
796 1949 963 2009 scripto
991 1947 1168 1992 fatetur.
1195 1947 1382 1992 Librum
1407 1947 1566 2003 etiam,
1595 1946 1665 1990 cui
1690 1955 1755 1990 est

362 2029 516 2074 titulus
545 2029 836 2090 Perialogos,
865 2028 1027 2084 edidit,
1058 2029 1359 2072 continentem
1384 2025 1585 2087 querelas
1614 2025 1667 2070 de
1692 2026 1756 2070 iu-

357 2110 488 2170 juriis
504 2144 516 2165 ,
542 2127 652 2170 quas
677 2109 944 2172 professores
969 2107 1238 2170 negligentia
1265 2117 1307 2151 et
1330 2107 1570 2151 ambitione
1597 2123 1755 2168 paren-

362 2200 456 2234 tum
489 2191 751 2252 acciperent.
782 2191 883 2234 Fuit
911 2199 1058 2234 autem
1087 2198 1254 2233 naturae
1284 2188 1471 2245 acerbae,
1498 2205 1586 2233 non
1617 2187 1750 2232 modo

363 2272 407 2314 in
423 2270 757 2332 antisophistas,
778 2287 889 2332 quos
908 2271 1030 2314 omni
1050 2286 1253 2315 sermone
1275 2268 1503 2326 laceravit,
1525 2267 1600 2313 sed
1621 2269 1752 2313 etiam

362 2352 407 2394 in
432 2350 693 2413 discipulos,
717 2362 765 2396 ut
789 2351 999 2396 Horatius
1023 2350 1268 2413 significat,
1289 2351 1529 2413 plagosum
1555 2366 1656 2394 eum
1680 2365 1753 2409 ap-

364 2430 557 2492 pellans,
582 2441 625 2475 et
653 2432 876 2477 Domitius
901 2434 1076 2476 Marsus
1105 2431 1300 2476 scribens
1316 2467 1328 2488 ,

492 2553 532 2590 Si
555 2567 648 2602 quos
677 2555 848 2590 Orbilius
876 2555 995 2590 ferula
1024 2554 1237 2601 scuticaque
1264 2554 1409 2589 cecidit.

367 2666 428 2706 Ac
446 2678 499 2705 ne
518 2663 766 2723 principum
785 2664 962 2723 quidem
985 2667 1179 2707 virorum
1204 2665 1491 2707 insectatione
1512 2661 1724 2706 abstinuit
1743 2679 1751 2705 :
