1988 3439
766 239 1005 273 Tisssssslus.
1493 237 1562 280 14³

192 320 260 362 vix
289 329 334 363 ut
358 320 506 363 referri
537 320 758 375 audirive,
783 321 942 364 nedum
969 320 1084 363 credi
1110 321 1171 364 sas
1197 323 1249 365 sit
1276 340 1283 365 :
1309 325 1430 383 qnasi
1457 341 1563 386 pue-

191 415 261 442 ros
285 401 432 461 primae
455 399 784 454 teneritudinis,
817 417 925 460 quos
946 400 1182 462 pzkcc'culos
1207 403 1410 460 vocabat,
1440 405 1562 447 insti-

192 489 330 524 tueret
346 515 357 535 ,
380 491 425 525 ut
451 480 612 524 natanti
636 480 716 523 sibi
737 481 851 523 inter
874 480 1035 524 femina
1053 491 1349 538 versarentur,
1374 500 1423 526 ac
1446 482 1564 526 lude-

190 570 306 614 rent,
330 559 476 621 lingua
501 576 735 620 morsuque
759 562 918 604 sensim
943 569 1213 621 appetentes;
1247 570 1377 622 atque
1410 563 1537 606 etiam
1553 598 1563 617 ,

188 641 309 699 quasi
338 640 522 683 infantes
548 639 786 695 firmiores,
814 640 1000 684 necdum
1023 650 1170 684 tamen
1198 640 1309 685 lacte
1335 640 1563 702 depuISOS,

189 721 377 782 inguini,
401 737 478 764 ceu
503 719 692 782 papillae,
716 719 993 778 admoveret;
1023 722 1204 783 pronior
1226 738 1329 765 sane
1351 721 1406 765 ad
1432 722 1475 765 id
1499 739 1565 783 ge·

189 817 269 844 nus
295 799 485 844 libidinis
509 810 552 844 et
574 810 730 844 natura
751 809 793 843 et
812 810 950 845 aetate.
977 802 1126 859 Quare
1148 801 1366 845 Parrhasii
1390 818 1564 862 quoque

188 880 378 924 tabulam
393 916 404 938 ,
430 882 473 924 in
494 898 579 942 qua
597 880 821 942 Meleagro
839 880 1043 926 Atalanta
1065 897 1140 925 ore
1163 882 1476 943 morigeratur,
1503 882 1564 925 lc-

188 970 331 1022 gatam
351 961 431 1005 sibi
451 962 530 1005 sub
547 961 817 1017 conditione,
838 971 908 1016 ut,
925 962 958 1005 si
976 972 1234 1024 argumento
1255 961 1564 1015 offenderetur,

185 1041 328 1085 decies
350 1058 430 1102 pro
456 1058 506 1086 ea
533 1043 778 1087 sestertium
807 1043 1048 1104 acciperet,
1073 1059 1161 1086 non
1191 1042 1323 1086 modo
1347 1042 1563 1104 praetulit,

184 1121 257 1164 sed
280 1131 323 1165 et
343 1122 386 1165 in
405 1121 607 1167 cubiculo
632 1123 860 1167 dedicavit.
882 1125 1040 1167 Fertur
1060 1124 1191 1167 etiam
1214 1124 1257 1166 in
1277 1123 1563 1167 sacrificando

184 1201 425 1262 quondam,
467 1213 616 1264 captus
655 1202 765 1247 facie
808 1204 994 1248 ministri
1037 1220 1231 1248 acerram
1273 1203 1563 1265 praeferentis,

183 1282 385 1343 nequisse
421 1282 656 1338 abstinere,
690 1284 818 1343 quin,
847 1300 970 1344 paene
1003 1283 1181 1328 vixdum
1210 1300 1256 1327 re
1285 1284 1433 1327 divina
1464 1300 1561 1345 per-

182 1372 308 1418 acta,
342 1362 504 1408 ibidem
537 1364 680 1407 statim
717 1363 942 1407 seductum
976 1373 1308 1425 constupraret,
1346 1363 1561 1424 simulque

180 1440 359 1486 fratrem
382 1444 474 1504 ejus
498 1443 742 1497 tibicinem3
765 1452 896 1503 atque
923 1445 1098 1504 utrique
1120 1461 1246 1501 mox,
1266 1443 1385 1505 quod
1408 1454 1560 1489 mutuo

181 1522 392 1585 flagitium
411 1525 748 1586 exprobrarant,
767 1540 894 1568 crura
922 1523 1113 1585 fregisse.

243 1605 380 1650 XLV.
416 1607 698 1651 Feminarum
720 1622 917 1668 quoque,
948 1615 988 1652 et
1014 1607 1191 1668 quidem
1216 1607 1473 1665 illustrium,
1495 1625 1560 1652 ca-

181 1684 344 1745 pitibus
366 1697 533 1747 quanto
558 1704 713 1748 opere,
738 1686 891 1733 solitus
919 1689 974 1733 sit
998 1687 1204 1744 illudere,
1235 1688 1557 1733 evidentissime

178 1767 383 1826 apparuit
413 1766 633 1812 Malloniae
669 1769 896 1830 cujusdam
931 1770 1071 1825 exitu,
1108 1785 1241 1830 quam
1272 1768 1555 1831 perductam,

175 1855 218 1890 et
237 1847 471 1907 quicquam
511 1847 699 1909 amplius
737 1851 827 1911 pati
864 1851 1215 1895 constantissime
1254 1859 1558 1905 recusantem,

178 1926 446 1972 delatoribus
471 1929 652 1989 objecit3
675 1946 724 1973 ac
749 1946 803 1973 ne
827 1946 943 1974 ream
973 1930 1152 1991 quidem
1181 1929 1461 1992 interpellare
1485 1930 1559 1974 de-

173 2008 267 2063 siit,
297 2008 504 2069 «Ecquid
539 2011 768 2070 poeniteret
794 2028 802 2053 :
829 2030 848 2051 >v
889 2011 1028 2054 donec
1064 2027 1136 2067 ea,
1174 2011 1327 2055 relicto
1359 2012 1552 2071 judicio,

173 2088 350 2133 domum
373 2106 416 2133 se
440 2089 656 2151 abripuit,
677 2090 878 2151 ferroque
900 2092 1139 2153 transegit,
1165 2092 1448 2136 obscoenitate
1467 2093 1555 2135 oris

173 2169 344 2213 hirsuto
372 2180 504 2230 atque
524 2169 644 2215 olido
669 2173 759 2215 seni
788 2171 904 2215 clare
929 2173 1204 2234 exprobrata.
1233 2172 1362 2217 Unde
1386 2183 1488 2216 nota
1512 2174 1555 2215 in

173 2248 416 2295 Atellanico
447 2250 626 2306 exodio,
656 2253 864 2311 proximis
899 2252 1013 2296 ludis
1051 2269 1228 2296 assensu
1264 2254 1453 2296 maximo
1483 2270 1555 2296 ex-

170 2339 319 2391 cepta,
348 2331 619 2391 percrebruit
643 2349 651 2374 :
677 2350 698 2371 a
716 2332 899 2375 Hircum
928 2331 1124 2376 vetulum
1155 2334 1322 2394 capreis
1349 2342 1550 2376 naturam

170 2408 404 2472 ligurire.»

232 2493 392 2535 XLVI.
422 2493 623 2536 Pecuniae
651 2509 808 2554 parcus
832 2509 882 2537 ac
914 2502 1063 2547 tenax,
1090 2495 1267 2537 comites
1293 2494 1549 2554 peregrina-

171 2573 342 2616 tionum
367 2573 784 2635 expeditionumque
810 2590 1037 2635 nunquam
1061 2572 1237 2629 salario,
1259 2574 1432 2617 cibariis
1454 2583 1548 2616 tan-

171 2662 285 2708 tum,
309 2655 586 2709 sustentavit3
615 2671 701 2698 una
730 2655 859 2699 modo
886 2653 1167 2706 liberalitate,
1200 2671 1251 2697 ex
1280 2652 1550 2714 indulgentia
