1971 3342
407 245 475 280 116
656 246 693 279 C.
723 247 951 282 sUETONH
983 248 1225 282 OCTAVIUS
1257 249 1521 284 AUGUSTUS.

403 344 533 371 manu
566 328 804 389 scriptum,
835 329 1165 390 depositumque
1201 331 1316 391 apud
1358 348 1425 387 se,
1457 331 1644 392 virgines
1672 349 1762 377 ves-

400 406 504 451 tales
530 424 630 451 cum
656 409 792 452 tribus
819 410 1091 470 signatisque
1110 427 1228 470 aeque
1253 410 1546 454 voluminibus
1576 411 1765 471 protule-

399 497 516 531 runt.
545 489 656 546 Quae
691 489 837 532 onmia
862 489 906 531 in
932 499 1085 532 senatu
1114 500 1258 550 aperta
1287 501 1416 550 atque
1444 491 1623 533 recitata
1652 500 1765 534 sunt.

399 567 590 612 Heredes
618 569 804 612 instituit
830 569 1016 629 primos,
1042 569 1264 613 Tiberium
1291 587 1342 612 ex
1370 579 1492 630 parte
1521 569 1698 613 dimidia
1726 579 1769 613 et

399 657 613 702 sextante,
644 648 812 692 Liviam
839 664 891 691 ex
918 658 1041 709 parte
1071 649 1221 705 tertia,
1250 667 1358 710 quos
1391 659 1433 693 et
1467 649 1578 692 ferre
1609 665 1767 692 nomen

399 743 525 771 suum
560 727 690 786 jussit
730 744 739 770 :
782 728 1021 784 secundos,
1057 731 1279 786 Drusum,
1317 730 1478 773 Tiberii
1516 729 1677 786 filium,
1717 745 1769 772 ex

397 807 575 863 triente,
596 823 647 850 ex
667 808 865 867 partibus
885 807 1062 868 reliquis
1083 810 1393 853 Germanicum
1413 808 1659 869 liberosque
1679 809 1769 869 ejus

397 896 483 930 tres
515 903 641 930 sexus
673 886 809 931 virilis
840 905 849 931 ε
877 889 1005 932 tertio
1032 888 1194 950 gradu,
1221 890 1493 950 propinquos
1523 889 1770 949 amicosque

396 966 653 1027 complures.
680 969 864 1029 Legavit
886 967 1050 1029 populo
1076 971 1274 1012 Romano
1294 969 1666 1029 quadringenties,
1693 969 1770 1012 tri-

395 1046 539 1090 bubus
568 1047 710 1091 tricies
738 1048 968 1107 quinquies
1003 1048 1248 1091 sestertium
1280 1065 1289 1091 :
1321 1048 1593 1108 praetorianis
1623 1047 1772 1091 militi-

394 1125 476 1168 bus
496 1124 669 1186 singula
690 1125 824 1169 millia
846 1143 1149 1181 nummorum,
1173 1127 1426 1170 cohortibus
1448 1127 1627 1169 urbanis
1647 1127 1774 1185 quin-

396 1223 553 1267 genos,
588 1205 838 1268 legionariis
871 1216 1071 1250 trecenos
1107 1224 1311 1250 nummos
1348 1224 1357 1250 :
1395 1224 1526 1268 quam
1557 1224 1772 1251 summam

394 1288 695 1348 repraesentari
714 1287 843 1347 jussit
873 1305 881 1330 :
911 1304 1010 1330 nam
1037 1297 1081 1330 et
1106 1287 1384 1331 confiscatam
1415 1303 1586 1348 semper
1611 1288 1773 1348 reposi-

395 1376 570 1426 tamque
595 1367 820 1410 habuerat.
849 1366 1033 1427 Reliqua
1060 1366 1200 1427 legata
1224 1368 1342 1410 varie
1368 1367 1486 1410 dedit
1512 1384 1520 1409 ε
1547 1366 1774 1427 produxit-

395 1463 479 1506 que
503 1446 701 1506 quaedam
727 1447 783 1490 ad
809 1448 938 1490 vicies
967 1448 1239 1503 sestertium,
1268 1447 1427 1507 quibus
1452 1445 1669 1490 solvendis
1693 1463 1772 1489 an-

395 1543 533 1570 nuum
562 1527 675 1571 diem
704 1527 839 1583 finiit,
867 1537 1069 1571 excusata
1096 1528 1157 1570 rei
1188 1526 1409 1570 familiaris
1435 1526 1735 1570 mediocritate
1762 1544 1772 1570 ε

394 1624 474 1650 nec
501 1607 598 1668 plus
626 1619 942 1668 perventurum
966 1607 1020 1651 ad
1045 1607 1225 1651 heredes
1251 1624 1371 1663 SUOS,
1398 1624 1528 1668 quam
1552 1606 1706 1650 millies
1731 1617 1774 1650 et

394 1687 691 1747 quingenties,
720 1689 941 1748 professus
968 1705 977 1731 :
1004 1688 1203 1748 quamvis
1228 1688 1383 1748 viginti
1410 1687 1619 1747 proximis
1646 1688 1773 1730 annis

393 1767 687 1826 quaterdecies
716 1767 869 1811 millies
899 1785 950 1811 ex
981 1768 1249 1812 testamentis
1279 1768 1519 1811 amicorum
1552 1767 1771 1828 percepis-

393 1857 456 1890 set
477 1864 486 1890 :
508 1847 626 1907 quod
647 1865 769 1908 paene
789 1865 919 1892 omne
943 1865 1040 1892 cum
1066 1847 1237 1891 duobus
1260 1848 1450 1907 paternis
1474 1848 1772 1907 patrimoniis,

392 1927 631 1986 ceterisque
666 1927 1006 1984 hereditatibus,
1043 1929 1087 1971 in
1123 1925 1436 1988 rempublicam
1480 1927 1770 1971 absumsisset.

390 2005 551 2063 Julias,
580 2007 714 2052 filiam
747 2018 1031 2068 neptemque,
1059 2009 1093 2050 si
1122 2006 1227 2066 quid
1258 2006 1323 2049 his
1353 2006 1602 2062 accidisset,
1635 2007 1774 2050 vetuit

393 2085 595 2145 sepulcro
628 2103 706 2129 suo
737 2087 900 2129 inferri.
933 2089 999 2130 Dc
1033 2087 1172 2129 tribus
1206 2085 1501 2129 voluminibus
1532 2102 1620 2140 uno
1650 2102 1773 2129 man-

395 2163 492 2208 data
514 2165 567 2208 dc
588 2165 739 2209 sunere
760 2183 838 2209 suo
862 2165 1113 2226 complexus
1135 2176 1221 2222 est;
1255 2165 1393 2209 altero
1415 2165 1601 2209 indicem
1624 2183 1769 2210 rerum

391 2262 416 2289 a
440 2262 484 2289 se
508 2256 754 2306 gestarum,
782 2264 911 2307 quem
940 2246 1065 2290 vellet
1090 2246 1221 2290 incidi
1252 2247 1296 2289 in
1322 2247 1447 2290 aeneis
1474 2246 1651 2304 tabulis,
1676 2263 1771 2306 quae

392 2337 491 2370 ante
520 2326 787 2371 mausoleum
822 2338 1145 2383 statuerentur3
1183 2328 1311 2371 tertio
1340 2327 1607 2371 breviarium
1637 2328 1769 2371 totius

392 2406 587 2468 imperii,
627 2418 840 2467 quantum
882 2407 1068 2451 militum
1110 2408 1189 2450 sub
1229 2408 1362 2467 signis
1402 2407 1564 2468 ubique
1603 2415 1768 2463 essent,

392 2497 605 2547 quantum
625 2490 817 2548 pecuniae
837 2490 879 2531 in
897 2489 1050 2531 aerario
1069 2497 1111 2530 et
1128 2488 1241 2531 fiscis
1260 2498 1303 2531 et
1319 2487 1647 2549 vectigaliorum
1668 2487 1768 2529 resi-

393 2566 501 2611 duis.
528 2569 697 2628 Adjceit
719 2580 762 2613 ct
785 2568 1041 2612 libertorum
1067 2585 1378 2629 servm-umque
1403 2568 1598 2623 nomina,
1624 2584 1647 2610 a
1672 2567 1769 2627 qui-

391 2647 472 2689 bus
499 2650 609 2691 ratio
636 2650 749 2709 exigi
773 2649 929 2709 posset.
