1988 3439
843 240 1023 274 GALBA.
1613 259 1635 290 ς)

244 322 354 365 ritiae
384 339 392 364 ι
424 321 542 383 quod
571 323 769 367 civitates
802 322 1116 383 Hispaniarum
1145 323 1479 387 Galliarumque
1497 363 1508 383 ,
1536 344 1631 388 quae

241 404 520 448 cunctantius
548 403 628 446 sibi
649 413 952 458 accesserant,
981 404 1256 464 gravioribus
1281 406 1483 463 tributis,
1507 424 1634 468 quas-

242 481 341 526 dam
368 484 497 527 etiam
523 499 751 527 murorum
779 483 1101 541 destructione,
1131 486 1346 546 punisset;
1367 497 1407 531 et
1429 490 1633 549 praeposi-

243 572 309 607 tos
359 573 755 624 procuratoresque
803 563 1020 626 supplicio
1073 567 1229 626 capitis
1271 567 1485 612 affecisset
1532 586 1630 613 cum

240 645 501 706 conjugibus
525 660 574 688 ac
600 643 772 700 liberis3
797 645 1006 706 quodque
1034 644 1226 690 oblatam
1255 664 1279 691 a
1302 650 1634 693 Tarraconensi-

240 724 321 769 bus
362 742 385 768 e
421 734 564 769 vetere
599 725 764 787 templo
801 727 920 771 Jovis
954 743 1163 771 coronam
1203 744 1380 772 auream
1420 729 1632 774 librarum

239 805 491 865 quindecim
520 805 775 862 conflasset,
805 823 855 851 ac
884 817 972 851 tres
1007 809 1185 865 uncias,
1216 826 1312 869 quae
1347 810 1529 871 ponderi
1557 811 1631 855 de-

237 895 362 930 erant
377 887 598 947 ,jussisset
621 889 747 950 exigi.
769 890 832 932 Ea
853 889 967 933 fama
991 899 1033 932 et
1056 889 1313 934 confirmata
1333 901 1376 935 et
1394 902 1521 937 aucta
1544 903 1632 947 cst,

241 977 290 1012 ut
316 968 507 1028 primurn
535 968 697 1013 Urbem
723 970 906 1014 introiit.
929 970 1042 1014 Nam
1067 987 1205 1031 quum
1235 970 1497 1030 classiarios,
1522 991 1632 1034 quos

239 1049 359 1093 Nero
389 1065 439 1093 ex
465 1049 705 1111 remigibus
728 1051 867 1111 justos
893 1050 1053 1095 milites
1079 1051 1261 1109 fecerat,
1290 1053 1434 1099 redire
1461 1054 1515 1098 ad
1540 1057 1631 1116 pri-

239 1131 405 1174 stinum
433 1140 596 1175 statum
624 1141 832 1193 cogeret3
859 1143 1129 1189 recusantes,
1154 1143 1286 1194 atque
1312 1136 1491 1196 iusuper
1512 1138 1632 1197 aqui-

239 1209 324 1254 lam
355 1220 397 1254 et
422 1211 544 1272 signa
570 1213 835 1272 pertinacius
862 1212 1135 1273 flagitantes,
1164 1231 1250 1258 non
1280 1215 1409 1259 modo
1440 1217 1632 1261 immisso

239 1293 386 1353 equite
414 1292 606 1352 disjecit,
635 1292 709 1336 scd
736 1292 966 1337 decimavit
991 1295 1133 1338 etiam.
1167 1297 1275 1339 Item
1303 1300 1631 1342 Germanorum

237 1373 485 1427 cohortem,
519 1390 542 1417 a
571 1375 817 1418 Caesaribus
844 1374 948 1418 olim
977 1375 1028 1420 ad
1065 1377 1304 1421 custodiam
1333 1379 1530 1439 corporis
1564 1381 1631 1423 in-

238 1455 435 1498 stitutam
448 1490 459 1511 ‚
490 1453 728 1515 multisque
746 1457 1053 1516 experimentis
1072 1456 1365 1502 fidelissimam
1384 1494 1394 1515 ,
1415 1459 1631 1515 dissolvit,

237 1552 287 1579 ac
311 1536 404 1580 sine
423 1534 512 1579 ullo
531 1535 765 1579 commodo
793 1537 959 1581 remisit
982 1538 1026 1580 in
1048 1539 1236 1598 patriam
1251 1573 1262 1594 ,
1287 1540 1411 1600 quasi
1432 1542 1514 1584 Cn.
1538 1544 1631 1586 Do-

238 1615 427 1672 labellae,
459 1616 585 1676 juxta
622 1617 747 1677 cujus
788 1617 940 1661 hortos
978 1618 1207 1676 tendebat,
1246 1621 1514 1681 proniorem.
1555 1621 1632 1667 Illa

239 1713 436 1758 quoque,
462 1713 620 1741 verene
642 1714 697 1741 an
720 1696 849 1753 falso,
869 1715 947 1759 per
970 1697 1209 1743 ludibrium
1236 1701 1531 1761 jactabantur,
1551 1720 1630 1765 ap-

239 1780 380 1840 posita
429 1778 614 1822 lautiore
660 1796 783 1823 coena
830 1780 1096 1841 ingemuisse
1139 1799 1240 1825 eum
1263 1800 1274 1839 3
1313 1793 1357 1827 et
1405 1784 1631 1829 ordinario

240 1859 418 1920 quidem
467 1858 791 1920 dispensatori,
829 1861 1080 1905 breviarum
1126 1864 1349 1908 rationum
1395 1865 1630 1920 offerenti,

237 1939 513 2002 paropsidem
545 1939 777 2001 leguminis
811 1958 891 2002 pro
923 1941 1152 1986 sedulitate
1185 1960 1235 1987 ac
1268 1944 1493 2006 diligentia
1524 1964 1628 2007 por-

237 2022 426 2076 rexisse3
452 2024 575 2065 Cano
599 2031 745 2064 autem
773 2021 1016 2077 choraulae,
1048 2025 1156 2067 mire
1185 2022 1375 2085 placenti
1395 2061 1405 2082 ,
1428 2026 1630 2071 denarios

237 2103 433 2162 quinque
460 2101 670 2158 donasse,
700 2100 893 2162 prolatos
923 2119 1055 2147 manu
1086 2121 1164 2148 sua
1189 2122 1211 2148 c
1238 2106 1531 2166 peculiaribus
1563 2107 1628 2151 lo-

238 2181 346 2225 culis
370 2184 472 2226 suis.

302 2265 424 2307 Xlll.
454 2266 604 2321 Quare
636 2265 849 2309 adventus
881 2268 972 2326 ejus
1008 2284 1094 2311 non
1127 2269 1308 2328 perinde
1341 2280 1491 2331 gratus
1521 2271 1628 2320 fuit,

241 2345 369 2405 idque
398 2346 597 2405 proximo
624 2346 874 2407 spectaculo
903 2350 1105 2408 apparuit
1135 2367 1142 2391 ε
1171 2351 1387 2410 siquidem
1415 2351 1628 2396 Atellanis

241 2427 515 2469 notissimum
532 2427 751 2470 canticum
769 2429 957 2482 exorsis,
978 2449 996 2466 «
1013 2430 1164 2482 Venit,
1185 2428 1247 2473 io!
1270 2433 1450 2476 Simusa
1471 2432 1593 2488 villa3
1610 2454 1628 2473 »

239 2508 385 2551 cuncti
406 2506 530 2551 simul
555 2517 820 2568 spectatores
845 2511 1144 2553 consentiente
1168 2528 1273 2553 voce
1295 2512 1504 2572 reliquam
1531 2531 1629 2574 par—

240 2599 324 2632 tem
356 2588 629 2645 rctulc'runt3
657 2607 706 2633 ac
733 2591 887 2650 soepius
912 2608 1038 2635 versu
1066 2593 1253 2652 repetito
1282 2605 1476 2653 egerunt.

306 2671 419 2713 xlv.
442 2671 608 2730 Majore
633 2670 741 2714 adeo
759 2681 800 2714 ct
820 2671 967 2716 favore
989 2683 1028 2715 ct
1051 2675 1311 2718 auctoritate
1330 2674 1515 2736 adeptus
1541 2688 1626 2733 cst,
