1971 3342
462 261 530 309 196
994 259 1030 293 e.
1063 259 1288 294 sUETONn

456 352 672 387 exstructo
699 341 969 404 plurifariam
992 342 1120 404 circo.
1147 340 1339 387 Canendi
1361 357 1410 385 ac
1443 340 1626 386 saltandi
1657 342 1807 405 volup-

457 433 543 467 tate
572 423 632 466 ita
656 421 936 476 efferebatur,
967 430 1014 464 ut
1048 438 1101 464 ne
1132 421 1316 481 publicis
1350 419 1525 480 quidem
1553 422 1808 482 spectaculis

457 511 738 562 temperaret,
762 517 847 561 quo
873 500 1014 543 minus
1041 510 1082 543 et
1111 500 1305 561 tragoedo
1329 501 1638 560 pronuncianti
1664 503 1807 546 eonci-

456 591 601 638 neret,
631 591 673 624 et
700 590 867 641 gestum
894 580 1117 623 histrionis
1141 581 1262 639 quasi
1290 579 1472 624 laudans
1499 579 1563 624 vel
1591 583 1810 642 corrigens

455 661 597 722 palam
625 661 859 721 effingeret.
888 661 977 705 Nec
1003 659 1086 703 alia
1111 659 1162 703 de
1185 677 1312 704 causa
1338 659 1509 704 videtur
1532 678 1583 705 eo
1612 661 1701 718 die,
1725 678 1812 721 quo

455 742 609 801 periit,
643 739 916 800 pervigilium
947 738 1177 794 indixisse,
1204 756 1334 799 quam
1370 749 1417 783 ut
1451 740 1622 783 initium
1653 741 1697 784 in
1721 757 1812 784 sce-

455 837 553 864 nam
580 818 821 880 prodeundi
847 818 1021 863 licentia
1047 820 1253 880 temporis
1277 819 1588 880 auspicaretur.
1618 819 1812 864 Saltabat

454 910 600 943 autem
639 915 955 959 nonnunquam
994 899 1133 942 etiam
1165 909 1295 942 noctu
1335 916 1344 942 ε
1385 909 1428 942 et
1472 899 1691 959 quondam
1726 908 1811 943 tres

462 978 710 1023 consulares
741 978 925 1022 secunda
953 978 1098 1039 vigilia
1130 978 1174 1021 in
1201 976 1408 1038 palatium
1439 979 1623 1035 accitos,
1658 977 1816 1022 multa-

459 1075 542 1118 que
569 1069 612 1102 et
638 1068 831 1102 extrema
857 1068 1097 1102 metuentes
1115 1093 1125 1111 ‚
1160 1074 1289 1117 super
1316 1057 1534 1117 pulpitum
1559 1057 1815 1113 collocavit3

454 1136 610 1180 deinde
647 1147 826 1197 repente
869 1154 1028 1197 magno
1071 1137 1275 1180 tibiarum
1316 1146 1359 1178 et
1397 1135 1684 1180 scabellorum
1721 1153 1814 1180 ere-

453 1217 575 1276 pitu,
601 1233 699 1260 cum
725 1215 838 1277 palla
865 1217 1095 1276 tunicaque
1126 1214 1249 1258 talari
1277 1213 1502 1274 prosiluit,
1529 1231 1578 1259 ac
1600 1214 1812 1259 desaltato

453 1297 622 1340 cantico
650 1296 769 1339 abiit.
800 1298 944 1355 Atque
977 1295 1047 1339 hic
1078 1304 1166 1338 tam
1200 1292 1352 1338 docilis
1379 1293 1434 1337 ad
1463 1303 1605 1338 cetera
1623 1329 1636 1353 ‚
1666 1304 1816 1339 natare

458 1376 621 1419 nesciit.

516 1456 609 1498 LV.
638 1457 840 1513 Quorum
868 1472 969 1499 vero
995 1454 1138 1499 studio
1166 1464 1399 1510 teneretur,
1428 1454 1629 1498 omnibus
1657 1452 1712 1497 ad
1746 1453 1812 1496 in-

454 1534 617 1577 saniam
640 1534 759 1577 favit.
781 1537 1046 1578 Mnesterem
1072 1535 1387 1595 pantomimum
1409 1535 1537 1578 etiam
1560 1534 1674 1576 inter
1695 1549 1815 1593 spec-

454 1612 596 1656 tacula
632 1612 907 1657 osculabatur
937 1631 945 1657 :
979 1630 1027 1657 ac
1062 1615 1096 1657 si
1130 1615 1226 1674 quis
1261 1613 1444 1658 saltante
1478 1630 1528 1657 eo
1556 1611 1622 1656 vel
1661 1612 1814 1656 leniter

454 1692 739 1753 obstreperet,
759 1693 926 1737 detrahi
946 1694 1115 1753 jussum
1138 1710 1268 1737 manu
1287 1710 1363 1736 sua
1383 1691 1639 1754 flagellabat.
1660 1692 1814 1751 Equiti

454 1787 636 1815 romano
685 1771 971 1815 tumultuanti
1022 1789 1098 1832 per
1149 1773 1450 1815 centurionem
1501 1771 1780 1814 denunciavit
1805 1805 1816 1826 ‚

453 1850 592 1894 abiret
621 1852 712 1894 sine
748 1868 871 1895 mora
903 1852 1098 1908 Ostiam,
1126 1851 1423 1913 perferretque
1457 1851 1511 1895 ad
1537 1849 1814 1895 Ptolemaeum

455 1946 600 1990 regem
626 1931 668 1973 in
695 1931 1002 1975 Mauritaniam
1035 1930 1257 1975 codicillos
1288 1947 1401 1973 suos.
1436 1931 1637 1986 Quorum
1669 1944 1816 1972 exem-

453 2008 575 2069 plum
596 2019 711 2053 erat:
731 2011 837 2066 «Ei,
859 2027 986 2070 quem
1010 2010 1119 2053 istuc
1143 2010 1260 2065 misi,
1278 2025 1417 2068 neque
1437 2009 1540 2051 boni
1559 2008 1815 2068 quicquam,

454 2104 594 2147 neque
620 2088 717 2131 mali
735 2123 746 2144 ‚
776 2089 938 2131 feceris.
964 2108 983 2128 n
1009 2089 1194 2131 Threces
1221 2088 1431 2148 quosdam
1463 2088 1693 2131 Germanis
1719 2103 1817 2131 eor-

453 2167 571 2227 poris
613 2167 868 2210 custodibus
915 2168 1161 2228 praeposuit.
1205 2165 1526 2211 Mirinillonum
1572 2175 1815 2210 armaturas

453 2245 619 2289 recidit.
657 2245 872 2291 Columbo
908 2248 1087 2303 victori,
1120 2247 1271 2291 leviter
1304 2258 1449 2291 tamen
1477 2247 1622 2291 saucio
1642 2280 1653 2302 7
1686 2262 1816 2289 vene-

454 2341 559 2368 num
590 2327 634 2369 in
667 2326 837 2387 plagam
864 2326 1059 2383 addidit,
1095 2327 1213 2387 quod
1244 2344 1293 2371 ex
1326 2344 1377 2370 eo
1408 2326 1710 2371 Columbinum
1737 2341 1814 2384 ap-

452 2403 641 2465 pellavit.
666 2406 734 2449 Sic
758 2416 872 2450 certe
900 2407 1013 2450 inter
1041 2405 1124 2450 alia
1155 2423 1322 2449 venena
1353 2408 1563 2467 seriptum
1589 2406 1642 2449 ab
1667 2421 1718 2448 eo
1747 2420 1815 2446 re-

452 2494 625 2544 pertum
651 2495 727 2529 est.
750 2486 937 2530 prasinae
963 2485 1140 2529 factioni
1165 2487 1223 2529 ita
1247 2485 1445 2529 addictus
1473 2494 1515 2529 et
1539 2483 1737 2540 deditus,
1765 2493 1814 2525 ut

453 2576 642 2610 coenaret
675 2567 718 2609 in
748 2566 918 2610 stabulo
948 2565 1143 2621 assidue,
1173 2576 1214 2609 et
1251 2576 1455 2611 maneret.
1485 2564 1698 2626 Agitatori
1726 2565 1815 2606 Eu·-

454 2645 581 2703 tycho
603 2637 947 2689 commissatione
974 2644 1160 2704 quadam
1190 2646 1233 2688 in
1261 2645 1541 2705 apophoretis
1570 2643 1699 2686 vicies
1728 2658 1813 2686 ses-
