1971 3342
400 251 414 274 1
427 252 438 274 1
450 246 468 273 8
933 239 972 273 C.
1003 237 1231 273 SUETONII

394 320 595 380 gentibus
626 321 761 381 copiis
791 319 1097 376 Asdrubalem,
1128 321 1381 380 priusquam
1408 321 1614 365 Annibali
1641 322 1760 366 fratri

391 400 748 460 conjungeretur,
770 401 998 461 oppressit.
1020 402 1184 443 Contra
1207 399 1417 444 Claudius
1435 402 1600 462 Appius
1620 401 1761 462 Regil-

393 477 540 535 lanus,
565 481 793 523 Decemvir
818 478 985 539 legibus
1011 480 1266 535 scribendis,
1294 480 1505 540 virginem
1530 482 1760 541 ingenuam

392 573 468 616 per
487 559 589 613 vim,
609 557 799 601 libidinis
820 559 979 619 gratia,
1003 560 1048 602 in
1073 560 1323 602 servitutem
1348 576 1534 603 asserere
1557 571 1758 615 conatus,

389 652 517 679 causa
555 636 667 697 plebi
702 637 785 680 fuit
823 638 1047 682 secedendi
1077 655 1227 682 rursus
1255 655 1280 682 a
1309 639 1521 683 Patribus.
1551 638 1760 685 Claudius

390 716 578 771 Drusus,
606 726 747 759 statua
773 717 853 760 sibi
879 734 978 761 cum
1005 717 1246 762 diademate
1273 719 1326 763 ad
1349 720 1479 780 Appii
1501 722 1663 763 Forum
1685 736 1761 780 po—

389 795 493 851 sita,
526 795 695 839 Italiam
730 814 807 857 per
841 796 1060 842 clientelas
1086 815 1300 861 occupare
1327 800 1521 843 tentavit.
1551 798 1758 844 Claudius

389 873 574 919 Pulcher
605 876 720 936 apud
757 877 966 932 Siciliam,
995 895 1082 921 11011
1113 880 1389 939 pascentibus
1421 880 1464 922 in
1493 879 1758 939 auspicando

388 953 541 1013 pullis,
563 972 611 999 ac
635 973 712 1016 per
731 967 998 1000 contemtum
1019 956 1238 1018 religionis
1259 959 1368 1001 mari
1390 958 1614 1015 demersis,
1636 961 1757 1019 quasi

390 1045 436 1078 ut
461 1036 682 1093 biberent,
712 1038 886 1097 quando
907 1055 996 1082 esse
1020 1038 1205 1096 nollent,
1230 1037 1426 1099 proelium
1454 1039 1604 1082 navale
1628 1041 1721 1083 iniit
1745 1057 1754 1083 :

386 1126 720 1176 superatusque,
751 1134 886 1176 quum
912 1117 1167 1162 dictatorem
1196 1119 1335 1161 dicere
1359 1135 1383 1161 a
1407 1129 1558 1162 senatu
1582 1119 1756 1178 jubere-

387 1203 478 1250 tur,
513 1194 632 1239 velut
666 1197 825 1239 iterum
861 1195 1044 1240 illudens
1075 1196 1313 1240 discrimini
1344 1196 1544 1257 publico,
1572 1197 1757 1242 Gliciam

388 1274 595 1318 viatorem
620 1292 747 1319 suum
769 1276 889 1319 dixit.
909 1279 1092 1321 Exstant
1119 1286 1161 1320 et
1184 1276 1445 1320 feminarum
1464 1276 1678 1338 exempla,
1698 1278 1758 1321 di·

386 1371 508 1397 versa
539 1372 658 1415 aeque
690 1373 698 1398 :
734 1356 945 1415 siquidem
979 1358 1117 1416 gentis
1145 1356 1337 1415 ejusdem
1363 1367 1547 1417 utraque
1576 1357 1757 1401 Claudia

385 1433 490 1489 suit,
515 1444 555 1477 et
582 1451 677 1494 quae
697 1452 849 1478 navem
869 1452 968 1478 cum
989 1437 1119 1479 sacris
1141 1436 1290 1479 matris
1312 1438 1455 1480 Deum
1476 1435 1598 1479 Idaeae
1618 1437 1756 1479 oblite-

385 1523 550 1555 rentem
579 1514 783 1556 Tiberino
816 1514 926 1558 vado
956 1516 1159 1569 extraxit,
1188 1525 1361 1575 precata
1394 1514 1639 1575 propalam,
1672 1526 1756 1559 «ut

384 1593 442 1635 ita
472 1592 646 1635 demum
674 1610 716 1636 se
745 1605 1022 1653 sequeretur,
1053 1596 1087 1638 si
1120 1595 1199 1637 sibi
1229 1595 1440 1655 pudicitia
1466 1605 1710 1650 constaret,
1735 1615 1755 1636 ›>

382 1681 425 1714 et
460 1688 553 1731 quae
588 1690 702 1716 novo
731 1690 850 1717 more
881 1674 1096 1734 judicium
1129 1675 1362 1735 majestatis
1395 1674 1511 1735 apud
1542 1674 1754 1736 populum

382 1750 538 1794 mulier
564 1752 719 1807 subiit,
746 1753 863 1812 quod
888 1755 930 1797 in
956 1755 1148 1798 conferta
1169 1754 1447 1798 multitudine
1468 1771 1579 1816 aegre
1602 1772 1753 1816 proce-

381 1829 510 1875 dente
545 1843 751 1892 carpento
782 1833 925 1894 palam
956 1844 1204 1895 optaverat,
1238 1855 1257 1876 c<
1281 1844 1330 1878 ut
1362 1834 1495 1878 frater
1524 1852 1626 1879 suus
1650 1835 1753 1880 Pul-

380 1911 482 1954 cher
516 1914 813 1969 revivisceret,
844 1924 973 1974 atque
1007 1915 1165 1958 iterum
1195 1913 1372 1958 classem
1399 1915 1634 1970 amitteret,
1663 1933 1751 1975 quo

380 1992 523 2035 minor
565 1993 693 2036 turba
731 1996 879 2037 Romae
913 1993 1036 2038 foret.
1065 2014 1085 2035 »
1120 1997 1329 2037 Praeterea
1358 1994 1628 2037 notissimum
1662 2005 1750 2050 est,

379 2072 583 2117 Claudios
620 2091 793 2129 omneS,
829 2085 1008 2136 excepto
1041 2076 1250 2119 duntaxat
1280 2078 1324 2119 P.
1356 2075 1529 2132 Clodio,
1563 2078 1662 2136 qui,
1694 2079 1749 2121 ob

379 2152 680 2212 expellendum
716 2155 834 2199 Urbe
868 2156 1144 2212 Ciceronem,
1184 2155 1351 2216 plebeio
1392 2156 1581 2211 homini,
1620 2167 1749 2217 atque

378 2233 507 2276 etiam
538 2243 642 2277 natu
675 2236 855 2291 minori,
894 2236 936 2278 in
970 2235 1246 2297 adoptionem
1278 2253 1321 2280 se
1350 2236 1490 2293 dedit,
1523 2239 1750 2299 optimates

378 2322 694 2373 assertoresque
730 2317 881 2358 unicos
906 2315 1126 2376 dignitatis
1153 2334 1203 2360 ae
1236 2319 1438 2376 potentiae
1467 2319 1749 2378 patriciorum

377 2408 545 2452 semper
575 2393 730 2450 fuisse,
757 2405 886 2454 atque
912 2395 1117 2439 adversus
1145 2395 1310 2456 plebem
1339 2397 1445 2440 adeo
1472 2397 1682 2441 violentos
1707 2409 1748 2441 et

377 2481 676 2529 contumaees,
713 2486 759 2518 ut
794 2492 845 2518 110
875 2476 1025 2535 eapitis
1054 2475 1228 2535 quidem
1255 2479 1485 2538 quisquam
1512 2495 1608 2521 reus
1633 2478 1748 2538 apud

377 2552 588 2611 populum
615 2565 782 2598 mutare
806 2566 962 2599 vestem
979 2567 1078 2612 ,aut
1101 2557 1320 2618 deprecari
1345 2559 1617 2612 sustinuerit3
1642 2576 1747 2601 11011-

379 2630 479 2672 nulli
511 2634 549 2675 111
582 2635 859 2678 11110100Ιί01ιο
887 2646 921 2677 et
960 2638 1104 2695 jurgio
1136 2639 1354 2681 'l'ribuuos
1386 2638 1517 2698 plebis
1547 2638 1744 2699 pulsave-
