1988 3439
756 291 1020 325 (ILAUDIUs.
1503 295 1574 331 21⁶»

202 396 348 423 verum
379 379 497 423 latini
521 377 730 421 sermonis
750 376 971 435 ignarum,
999 391 1086 417 non
1108 375 1237 418 modo
1256 376 1353 421 albo
1375 380 1570 438 judicum

199 462 353 515 erasit,
385 458 456 503 sed
485 459 613 501 etiam
641 457 681 499 in
710 455 1066 516 peregrinitatem
1098 454 1275 517 redegit.
1305 460 1396 502 Nee
1419 478 1573 520 quem-

198 558 350 601 quam,
379 540 458 583 nisi
482 555 558 582 sua
584 553 714 587 voce,
745 546 967 597 utcunque
994 538 1091 597 quis
1120 547 1286 597 posset,
1309 555 1358 583 ac
1380 543 1471 585 sine
1499 560 1573 603 pa-

200 633 348 677 trono,
386 622 598 666 rationem
641 620 737 662 vitae
775 635 925 680 passus
967 629 1029 663 est
1072 618 1267 664 reddere.
1307 621 1575 684 Notavitque

200 702 382 758 multos,
411 711 453 745 et
485 700 697 760 quosdam
734 700 1038 760 inopinantes,
1068 710 1110 744 et
1138 718 1189 744 ex
1214 718 1344 745 causa
1370 706 1472 747 novi
1503 722 1575 765 ge·

200 784 334 838 neris,
367 781 485 843 quod
509 798 553 825 se
579 781 715 825 inscio
745 797 794 823 ac
819 781 912 824 sine
942 791 1189 824 commeatu
1219 781 1342 826 Italia
1371 786 1576 828 excessis-

198 873 320 919 sent;
343 861 578 923 quemdam
610 878 710 904 vero
739 871 780 905 et
808 861 925 922 quod
962 877 1108 905 comes
1137 863 1250 923 regis
1279 864 1322 906 in
1353 866 1577 924 provincia

199 944 369 999 fuisset,
406 943 616 998 referens,
642 942 857 1001 majorum
892 942 1187 1002 temporibus,
1216 943 1397 987 Rabirio
1417 947 1577 989 Postu—

198 1041 288 1078 mo,
320 1023 599 1068 Ptolemaeum
629 1021 961 1078 Alexandriam,
999 1022 1152 1066 crediti
1190 1024 1389 1068 servandi
1428 1043 1579 1083 causa,

200 1113 367 1160 secuto,
400 1104 636 1163 majestatis
661 1104 825 1147 crimen
859 1103 974 1163 apud
1006 1103 1173 1163 judices
1213 1115 1396 1149 motum.
1428 1106 1579 1150 Plures

202 1194 352 1228 notare
387 1193 593 1238 conatus,
634 1199 790 1243 magna
827 1184 1135 1243 inquisitorum
1174 1184 1466 1246 negligentia,
1506 1188 1578 1230 sed

202 1282 279 1308 suo
327 1265 491 1325 majore
533 1263 770 1318 dedecore,
809 1264 1007 1306 innoxios
1047 1264 1134 1308 fere
1168 1267 1356 1325 reperit,
1393 1268 1578 1327 quibus-

201 1362 376 1404 runque
404 1343 672 1395 coelibatum,
710 1354 785 1387 aut
811 1344 1066 1400 orbitatem,
1095 1355 1167 1389 aut
1199 1357 1435 1407 egestatem
1467 1349 1579 1408 obji-

201 1434 335 1480 ceret,
374 1425 575 1477 maritos,
608 1434 775 1484 patres,
814 1424 1047 1484 opulentos
1088 1443 1131 1468 se
1170 1428 1486 1486 probantibus;
1531 1447 1581 1472 eo

201 1504 398 1564 quidem,
437 1505 511 1564 qui
552 1504 727 1547 sibimet
763 1505 847 1547 vim
888 1505 1002 1548 ferro
1042 1506 1240 1551 intulisse
1281 1510 1580 1569 arguebatur,

203 1584 381 1628 illaesnm
416 1601 575 1645 corpus
612 1595 730 1628 veste
771 1585 968 1645 deposita
1013 1596 1274 1631 ostentante.
1313 1592 1506 1633 Fuerunt
1541 1602 1581 1634 et

203 1664 272 1708 illa
299 1665 342 1708 in
361 1681 542 1709 censura
561 1665 653 1724 ejus
682 1664 912 1722 notabilia,
937 1666 1054 1725 quod
1076 1667 1276 1711 essedum
1298 1680 1551 1730 argenteum
1571 1707 1580 1728 ,

202 1755 423 1789 sumtuose
457 1745 741 1802 fabricatum,
781 1763 830 1789 ac
867 1746 1019 1791 venale
1058 1748 1111 1791 ad
1153 1748 1391 1810 Sigillaria,
1428 1751 1580 1794 redimi

202 1825 458 1885 concidique
481 1843 653 1880 coram,
680 1826 939 1886 imperavit:
975 1828 1182 1889 quodque
1209 1847 1297 1874 uno
1322 1830 1392 1874 (lie
1424 1833 1579 1892 viginti

202 1905 342 1949 edicta
369 1906 596 1966 proposuit
619 1923 626 1949 :
661 1905 775 1949 inter
798 1924 892 1966 quze
919 1906 1028 1963 duo,
1055 1926 1242 1968 quorum
1266 1910 1404 1955 altero
1428 1911 1580 1954 admo-

205 1986 354 2041 nebat,
380 2005 399 2025 «
416 1995 464 2029 ut
486 1985 606 2029 uberi
633 1986 857 2030 vinearum
878 1998 1091 2047 proventu
1109 1989 1218 2032 bene
1242 1990 1356 2033 (lolia
1384 1993 1582 2051 piearen-

204 2076 297 2118 tur,
321 2087 340 2106 n
372 2064 533 2121 altero,
569 2086 588 2105 α
611 2065 715 2109 nihil
747 2083 869 2126 aeque
904 2067 1043 2111 facere
1075 2067 1127 2112 ad
1167 2070 1323 2130 viperae
1366 2088 1583 2127 morsum,

203 2162 332 2204 quam
362 2146 448 2188 taxi
473 2146 641 2189 arboris
669 2163 862 2190 succum.
885 2168 903 2186 n

268 2226 406 2269 XVII.
431 2224 762 2284 Expeditionem
793 2245 922 2271 unam
952 2231 1133 2274 omnino
1158 2233 1376 2293 suscepit,
1403 2249 1585 2292 eamque

208 2304 437 2348 modicam.
482 2306 655 2361 Quum,
705 2305 893 2350 decretis
938 2309 1017 2352 sibi
1059 2327 1081 2352 a
1126 2322 1276 2355 senatu
1316 2315 1585 2356 ornamentis

206 2383 567 2445 triumplialibus,
610 2384 815 2429 leviorem
867 2389 1083 2448 majestati
1130 2392 1362 2452 principali
1407 2392 1583 2436 titulum

206 2465 518 2520 arbitraretur,
553 2463 790 2526 velletque,
817 2468 921 2528 justi
957 2469 1166 2530 triumphi
1204 2471 1334 2515 decus
1367 2472 1481 2515 unde
1511 2489 1584 2516 ae-

205 2546 392 2605 quiret-et
410 2579 421 2598 ,
447 2546 729 2590 Britanniam
748 2549 1020 2608 potissimum
1037 2549 1189 2610 elegit,
1217 2569 1356 2611 neque
1374 2562 1584 2596 tentatam

209 2624 281 2668 ulli
312 2634 406 2684 post
435 2616 583 2667 div'um
610 2626 799 2682 Julium,
835 2639 873 2671 et
907 2639 1010 2673 tun(-
1044 2630 1382 2675 tumultuantem
1414 2633 1468 2675 ob
1499 2650 1585 2676 non

210 2703 398 2747 redditos
425 2706 679 2765 transfugas.
711 2711 803 2751 lim·
826 2727 961 2769 quum
993 2711 1046 2754 ab
1071 2713 1190 2755 Ustia
1220 2714 1471 2773 navigaret,
1513 2732 1583 2755 ve-
