1971 3342
404 190 447 222 38
941 194 979 226 C.
1012 193 1247 228 SUETONH

396 278 570 331 Romae,
599 291 677 336 per
702 275 919 332 triduum,
948 276 1219 336 totidemque
1243 285 1415 330 noctes3
1444 275 1545 318 item
1571 273 1780 335 pestilen-

395 357 479 410 tia,
509 365 673 416 quanta
702 373 788 399 non
822 365 983 400 temere
1009 355 1126 399 alias.
1156 358 1204 399 In
1237 357 1302 399 his
1335 365 1398 405 tot
1424 353 1616 398 adversis
1644 371 1694 398 ac
1717 364 1782 397 ta*

397 436 533 493 libus,
559 454 646 481 non
673 437 804 481 modo
831 438 1044 499 principis
1069 437 1435 492 sollicitudinem,
1457 434 1531 479 sed
1555 446 1595 479 et
1626 452 1783 496 paren-

396 519 448 562 tis
494 518 697 562 affectum
743 520 926 562 unicum
959 518 1162 579 praestitit
1200 535 1208 561 :
1246 534 1364 561 nunc
1400 514 1669 561 consolando
1709 532 1786 576 per

395 598 558 650 edicta,
597 616 714 643 nunc
740 597 1028 660 opitulando,
1057 609 1274 659 quatenus
1306 607 1556 659 suppeteret
1584 595 1783 640 facultas.

395 682 628 724 Curatores
654 679 936 724 restituendae
957 681 1209 740 Campaniae
1229 697 1252 724 e
1276 678 1575 723 consularium
1601 694 1786 721 numero

395 770 512 804 sorte
539 760 678 805 duxit.
708 764 828 805 Bona
857 777 1169 822 oppressorum
1198 762 1239 803 in
1268 763 1464 815 Vesevo,
1494 776 1685 820 quorum
1711 758 1788 801 he-

396 841 519 885 redes
563 859 651 885 non
677 842 931 897 exstabant,
968 843 1236 886 restitutioni
1264 841 1525 885 afflictarum
1555 840 1785 884 civitatum

395 923 614 966 attribuit.
646 924 779 968 Urbis
801 923 1004 967 incendio
1038 922 1170 978 nihil,
1193 923 1275 966 nisi
1302 923 1407 979 sibi,
1428 921 1605 983 publice
1626 922 1787 982 perisse

397 1013 606 1057 testatus,
648 1014 807 1047 cuncta
845 1005 1152 1064 praetoriorum
1186 1020 1366 1047 suorum
1395 1012 1654 1046 ornamenta
1685 1019 1785 1062 ope-

399 1084 517 1127 ribus
547 1100 596 1127 ac
623 1083 798 1145 templis
819 1083 1081 1137 destinavit;
1106 1084 1435 1144 praeposuitque
1457 1081 1708 1143 complures
1736 1099 1786 1125 ex

396 1165 587 1224 equestri
633 1164 815 1220 ordine,
859 1181 948 1224 quo
984 1179 1169 1224 quaeque
1208 1164 1422 1206 maturius
1461 1171 1787 1223 peragerentur.

396 1243 626 1288 Medendae
649 1243 916 1299 valetudini,
942 1243 1248 1305 leniendisque
1272 1244 1458 1300 morbis,
1490 1242 1653 1287 nullam
1683 1243 1791 1286 divi-

396 1341 495 1368 nam
530 1325 859 1386 humanamque
892 1341 1020 1387 opem
1051 1341 1139 1369 non
1171 1323 1395 1380 adhibuit,
1423 1324 1634 1384 inquisito
1666 1325 1788 1367 omni

396 1406 713 1449 sacrificiorum
735 1405 1125 1466 remediorumque
1145 1421 1320 1466 genere.
1343 1408 1467 1449 Inter
1485 1403 1665 1448 adversa
1689 1414 1791 1447 tem·

395 1502 554 1546 porum
578 1497 621 1530 et
648 1485 864 1530 delatores
888 1485 1255 1545 mandatoresque
1277 1495 1426 1538 erant,
1450 1501 1499 1528 ex
1524 1483 1700 1528 licentia
1722 1501 1790 1527 ve—

396 1568 491 1610 teri.
518 1569 609 1610 Hos
638 1566 812 1610 assidue
853 1568 895 1609 in
924 1569 1038 1610 Foro
1067 1565 1249 1627 flagellis
1276 1582 1325 1609 ac
1347 1565 1535 1609 fustibus
1563 1581 1712 1620 caesos,
1740 1582 1790 1608 ac

399 1648 632 1691 novissime
668 1647 895 1691 traductos
924 1663 1002 1707 per
1029 1646 1355 1707 Amphitheatri
1384 1662 1585 1701 arenam,
1629 1646 1787 1706 partim

397 1727 583 1788 subjici,
614 1744 662 1771 ac
691 1730 837 1771 venire
876 1729 1133 1789 imperavit,
1162 1728 1320 1788 partim
1361 1728 1404 1769 in
1431 1727 1693 1787 asperrimas
1726 1727 1791 1769 in-

395 1807 590 1852 sularum
617 1809 758 1852 avehi.
789 1811 934 1869 thue
964 1809 1094 1852 etiam
1122 1806 1280 1851 similia
1306 1807 1575 1867 quandoque
1608 1824 1791 1850 ausuros

399 1899 614 1950 perpetuo
650 1899 903 1945 coerceret,
945 1890 1083 1932 vetuit
1122 1890 1237 1932 inter
1273 1898 1442 1942 cetera,
1472 1887 1525 1931 de
1560 1886 1710 1931 eadem
1746 1904 1790 1930 re

398 1969 596 2030 pluribus
635 1970 803 2032 legibus
841 1972 932 2031 agi,
967 1971 1160 2030 quaerive
1190 1969 1244 2012 de
1268 1969 1529 2029 cujusquam
1555 1967 1789 2012 defuncto-

396 2068 493 2094 rum
520 2062 663 2106 statu,
694 2050 807 2094 ultra
839 2061 979 2094 certos
1006 2067 1159 2094 annos.

459 2134 538 2176 IX.
582 2132 899 2177 Pontificatum
940 2133 1182 2176 maximum
1218 2132 1315 2175 ideo
1355 2150 1397 2176 se
1425 2132 1646 2192 professus
1682 2133 1792 2176 acci-

396 2230 518 2274 pere,
547 2223 591 2256 ut
621 2230 751 2274 puras
777 2223 972 2256 servaret
996 2230 1170 2269 manus,
1191 2212 1321 2256 fidem
1353 2214 1553 2274 praestitit
1577 2230 1585 2256 :
1615 2229 1692 2256 nec
1718 2229 1790 2256 au·

397 2304 492 2337 ctor
522 2294 703 2355 posthac
732 2294 990 2354 cujusquam
1020 2295 1160 2350 necis,
1209 2311 1285 2337 nec
1321 2295 1549 2350 conscius,
1587 2294 1786 2353 quamvis

397 2375 616 2418 interdum
645 2374 880 2418 ulciscendi
915 2392 1044 2418 causa
1075 2392 1162 2418 non
1184 2374 1465 2431 deesset3sed
1501 2393 1521 2414 ι(
1542 2374 1785 2434 periturum

396 2474 440 2499 se
467 2458 641 2518 potiUS,
670 2474 802 2516 quam
842 2456 1146 2517 perditurum,
1168 2476 1186 2496 >³
1215 2455 1435 2516 adjurans.
1461 2458 1585 2499 Duos
1615 2454 1786 2515 patricii

396 2539 565 2597 generis
595 2539 820 2581 convictos
851 2539 893 2580 in
924 2537 1201 2580 affectatione
1228 2538 1429 2597 imperii,
1461 2535 1568 2580 nihil
1599 2534 1787 2595 amplius

397 2635 529 2677 quam
577 2629 624 2662 ut
662 2617 948 2674 desisterent,
988 2619 1182 2673 monuit,
1222 2618 1412 2673 (locens,
1443 2637 1462 2657 «
1490 2617 1785 2677 principatum
