1971 3342
371 243 384 265 1
395 231 440 264 36
643 251 646 255 ⁴
905 236 944 270 C.
969 236 1199 273 SUETONH

430 317 571 360 XXX.
590 317 710 374 Quin
725 319 852 361 etiam
869 320 1054 379 speciem
1072 320 1280 364 libertatis
1295 323 1529 382 quamdam
1545 324 1735 382 induxit,

367 398 631 440 conservatis
653 399 819 442 senatui
842 416 891 442 ac
910 401 1231 461 magistratibus
1253 412 1295 445 et
1314 403 1536 463 majestate
1554 405 1736 464 pristina

366 483 409 517 et
433 485 645 535 potestate
675 494 684 520 ε
714 495 854 538 neque
877 488 964 522 tam
989 497 1170 540 parvum
1201 483 1459 542 quicquam,
1485 499 1626 544 neque
1649 493 1735 528 tam

365 571 573 616 magnum
606 556 769 617 publici
802 559 1048 619 privatique
1072 562 1234 622 negotii
1263 562 1366 619 fuit,
1388 562 1440 605 de
1463 580 1550 623 quo
1571 581 1660 608 non
1682 564 1737 607 ad

364 636 411 677 P.
448 636 497 680 C.
526 636 773 681 referretur.
798 641 865 682 De
892 640 1174 701 vectigalibus
1202 659 1251 685 ac
1276 642 1558 704 monopoliis‚
1583 642 1637 686 de
1665 660 1737 686 ex-

364 716 582 760 struendis
617 718 914 762 reficiendisve
953 720 1180 780 operibus,
1213 723 1342 765 etiam
1372 723 1425 766 de
1452 722 1638 783 legendo
1669 722 1737 766 vel

365 797 688 841 exauctorando
717 797 875 855 milite,
905 816 954 843 ae
982 799 1201 860 legionum
1229 812 1271 845 et
1296 802 1554 846 auxiliorum
1578 801 1737 845 descri-

364 877 537 935 ptione3
572 878 778 938 denique,
818 879 973 938 quihus
1007 881 1237 940 imperium
1271 884 1520 944 prorogari,
1556 892 1630 925 aut
1667 899 1739 925 ex-

366 957 657 1001 traordinaria
684 958 796 1001 bella
832 959 1051 1017 mandari,
1084 961 1187 1020 quid
1226 971 1267 1004 et
1300 979 1385 1021 qua
1415 962 1553 1006 forma
1587 979 1737 1023 regum

366 1035 515 1078 litteris
528 1038 705 1080 rescribi
734 1038 936 1098 placeret.
959 1040 1215 1083 Praefectum
1239 1041 1314 1084 alae
1330 1076 1341 1097 7
1367 1041 1419 1084 de
1444 1043 1485 1084 vi
1513 1051 1555 1084 et
1576 1042 1738 1101 rapinis

366 1132 513 1171 reum,
548 1134 721 1160 causam
755 1119 797 1160 in
833 1130 984 1162 senatu
1019 1120 1164 1163 dicere
1198 1122 1352 1181 coegit.
1386 1123 1624 1180 Nunquam
1661 1137 1738 1164 cu-

366 1198 475 1239 riam
492 1197 570 1239 nisi
589 1196 702 1240 solus
724 1198 902 1242 intravit
919 1217 926 1241 :
944 1199 1096 1243 lectica
1115 1200 1336 1259 quondam
1357 1199 1585 1244 introlatus
1603 1217 1739 1262 aeger,

366 1278 544 1321 comites
574 1295 597 1321 a
621 1295 664 1321 se
693 1280 891 1322 removit.

431 1360 595 1402 XXXI.
627 1359 837 1415 Quaedam
867 1360 1072 1404 adversus
1098 1364 1355 1405 sententiam
1387 1379 1508 1405 suam
1538 1363 1710 1407 decerni
1729 1398 1740 1419 ⁷

368 1455 422 1482 ne
448 1448 623 1498 questus
642 1439 817 1498 quidem
837 1450 912 1483 est.
934 1442 1135 1502 Negante
1162 1459 1238 1496 co,
1263 1441 1498 1485 destinatos
1520 1444 1742 1504 magistra-

368 1530 436 1563 tus
461 1520 610 1563 abesse
635 1530 861 1580 oportere,
887 1531 933 1563 ut
956 1531 1187 1580 praesentes
1210 1522 1366 1564 honori
1392 1523 1739 1582 acquiescerent,

368 1610 527 1660 praetor
557 1599 805 1660 designatus
842 1600 1023 1643 liberam
1058 1600 1319 1661 legationem
1358 1602 1620 1662 impetravit.
1655 1605 1740 1646 Ite-

368 1697 467 1723 rum
489 1689 713 1735 censente,
740 1690 787 1723 ut
809 1681 1035 1723 Trebianis
1057 1680 1244 1741 legatam
1270 1683 1311 1723 in
1337 1698 1444 1741 opus
1464 1682 1564 1724 novi
1584 1682 1741 1725 theatri

369 1761 599 1819 pecuniam
632 1759 686 1802 ad
720 1760 1007 1803 munitionem
1033 1761 1109 1802 viae
1138 1759 1371 1803 transferre
1402 1760 1742 1817 concederetur,

371 1839 568 1882 obtinere
593 1857 680 1882 nou
708 1841 873 1899 potuit⁷
902 1841 1005 1899 quin
1034 1850 1127 1883 rata
1159 1839 1356 1883 voluntas
1386 1838 1588 1900 legatoris
1618 1850 1741 1884 esset.

371 1920 519 1975 Quum
554 1918 977 1963 senatusconsultum
1013 1936 1093 1980 per
1124 1919 1428 1963 discessionem
1460 1919 1570 1961 forte
1597 1919 1741 1973 fieret,

372 2008 671 2042 transeuntem
698 2016 798 2042 eum
826 2001 868 2042 in
903 1998 1085 2043 alteram
1116 2008 1310 2059 partem,
1337 1999 1379 2041 in
1409 2015 1494 2058 qua
1517 2000 1743 2059 pauciores

373 2088 518 2135 erant,
547 2089 718 2122 secutus
737 2088 800 2122 est
822 2095 963 2122 nemo.
990 2081 1146 2122 Cetera
1171 2095 1344 2138 quoque
1364 2080 1535 2122 nonnisi
1554 2095 1633 2139 per
1656 2096 1746 2122 ma-

374 2158 598 2219 gistratus,
625 2168 667 2201 et
691 2159 789 2217 jure
816 2158 1037 2201 ordinario
1067 2158 1330 2219 agebantur3
1364 2167 1484 2201 tanta
1518 2157 1743 2202 consulum

375 2239 661 2294 auctoritate,
690 2248 737 2282 ut
759 2238 888 2299 legati
917 2255 968 2281 ex
995 2238 1143 2282 Africa
1169 2237 1355 2281 adierint
1378 2255 1474 2295 eos,
1495 2248 1743 2298 querentes,

375 2318 488 2360 trahi
520 2334 564 2360 se
595 2336 620 2361 a
649 2320 840 2374 Caesare,
868 2317 921 2361 ad
947 2335 1076 2378 quem
1107 2318 1220 2361 missi
1249 2318 1403 2361 forent.
1436 2319 1529 2362 Nec
1557 2320 1714 2361 mirum
1734 2352 1745 2373 ,

376 2413 509 2455 quum
542 2397 683 2457 palam
720 2407 852 2454 esset,
883 2399 1022 2458 ipsum
1047 2415 1221 2457 quoque
1242 2397 1403 2441 eisdem
1427 2408 1469 2441 et
1495 2413 1718 2459 assurgere
1736 2433 1746 2445 ,

377 2485 419 2518 et
444 2476 654 2520 decedere
684 2479 763 2520 via.

443 2558 629 2600 XXXII.
656 2558 880 2617 Corripuit
904 2557 1152 2599 consulares
1179 2559 1438 2600 exercitibus
1467 2557 1717 2617 praepositos
1739 2591 1747 2609 ³

383 2635 497 2693 quod
536 2653 621 2678 non
654 2636 707 2679 (lc
737 2638 865 2680 rebus
897 2638 1024 2697 gestis
1058 2638 1224 2679 senatui
1253 2637 1513 2692 seriberent,
1543 2636 1746 2696 quodque
