1971 3342
406 214 454 263 96
942 212 979 246 e.
1007 211 1236 247 sUETONn

406 298 506 340 vitae
528 294 943 339 continentissimum
968 294 1097 338 fuisse
1119 303 1309 349 constat,
1335 310 1382 336 ac
1406 294 1496 336 sine
1522 292 1766 354 suspicione

407 375 535 420 ullius
560 376 665 418 vitii.

470 457 650 499 LXXII.
693 454 915 498 Habitavit
954 455 1096 514 primo
1130 454 1255 513 juxta
1291 455 1540 497 Romanum
1579 455 1767 510 Forum,

407 551 538 596 supra
562 533 705 578 Scalas
730 533 964 589 anularias,
987 534 1030 576 in
1053 532 1182 576 domo
1206 550 1300 593 quae
1324 532 1447 577 Calvi
1473 532 1656 577 oratoris
1680 531 1770 577 fue·

407 625 473 658 rat
499 632 508 658 :
537 624 685 675 postea
711 614 753 655 in
780 612 969 668 Palati03
997 612 1073 657 sed
1097 612 1379 657 nihilominus
1404 611 1567 655 aedibus
1590 611 1770 655 modicis

407 694 728 749 Hortensianis,
753 701 793 736 et
817 708 956 752 neque
983 690 1177 748 laxitate,
1200 709 1339 753 neque
1362 690 1483 736 cultu
1504 691 1771 752 conspicuis,

411 784 459 819 ut
486 774 529 816 in
556 773 714 833 quibus
742 771 935 832 porticus
962 774 1112 817 breves
1138 782 1280 817 essent
1310 772 1576 817 Albanarum
1606 769 1772 814 colum-

410 869 591 907 narum,
627 861 670 895 et
708 852 800 898 sine
838 870 1054 897 marmore
1092 852 1181 897 ullo
1218 862 1294 896 aut
1329 852 1486 912 insigni
1524 851 1772 911 pavimento

410 931 641 976 conclavia.
683 933 748 979 Ac
786 950 861 994 per
899 949 1035 977 annos
1073 931 1257 993 amplius
1293 931 1582 992 quadraginta
1619 930 1771 974 eodem

411 1011 610 1056 cubiculo
637 1012 778 1058 hieme
806 1024 847 1057 et
873 1023 1016 1057 aestate
1046 1013 1226 1068 mansit3
1254 1013 1449 1072 quamvis
1478 1028 1632 1071 parum
1661 1009 1773 1054 salu-

411 1093 533 1137 brem
554 1093 791 1138 valetudini
816 1110 901 1137 suae
924 1093 1088 1136 Urbem
1115 1093 1255 1135 hieme
1277 1092 1565 1151 experiretur,
1588 1089 1774 1133 assidue-

414 1189 496 1233 que
522 1173 562 1216 in
589 1173 709 1217 Urbe
732 1173 953 1216 hiemaret.
981 1173 1023 1215 Si
1047 1170 1222 1230 quando
1246 1169 1352 1230 quid
1378 1179 1560 1225 secreto,
1586 1178 1660 1212 aut
1684 1169 1773 1212 sine

414 1251 758 1312 interpellatione
780 1267 907 1312 agere
930 1251 1242 1311 proposuisset,
1265 1258 1357 1292 erat
1377 1248 1437 1291 illi
1459 1248 1577 1292 locus
1595 1249 1638 1291 in
1659 1248 1773 1292 edito

414 1331 663 1392 singularis,
695 1347 823 1391 quem
853 1333 1098 1391 Syracusas
1129 1339 1171 1373 et
1200 1324 1413 1385 τεχνὲφυον
1440 1328 1621 1372 vocabat
1649 1345 1658 1371 τ
1689 1329 1774 1372 hue

414 1411 646 1465 transibat,
669 1419 744 1453 aut
768 1410 810 1452 in
836 1408 1017 1468 alicujus
1041 1408 1296 1452 libertorum
1320 1407 1642 1462 suburbanum
1666 1423 1776 1467 aeger

415 1499 558 1533 autem
584 1490 628 1533 in
654 1489 785 1532 domo
812 1488 1058 1532 Maecenatis
1088 1488 1287 1531 cubabat.
1315 1490 1379 1531 Ex
1409 1487 1642 1530 secessibus
1671 1503 1778 1547 prae-

414 1569 539 1629 cipue
564 1568 853 1628 frequentavit
874 1568 1113 1623 maritima,
1138 1566 1386 1627 insulasque
1410 1567 1681 1626 Campaniae,
1705 1575 1781 1609 aut

414 1649 610 1709 proxima
629 1648 738 1692 Urbi
760 1646 942 1707 oppida,
967 1648 1234 1703 Lanuvium,
1258 1648 1492 1700 Praeneste,
1515 1646 1652 1688 Tibur
1675 1661 1684 1688 ε
1706 1645 1781 1689 ubi

414 1730 542 1772 etiam
576 1729 620 1771 in
655 1728 893 1788 porticibus
926 1726 1124 1770 Herculis
1157 1726 1305 1787 templi
1340 1742 1529 1787 persaepe
1557 1727 1628 1785 J'us
1660 1725 1778 1769 dixit.

415 1807 571 1868 Ampla
601 1817 643 1851 et
674 1823 856 1867 operosa
887 1807 1088 1867 praetoria
1121 1806 1396 1867 gravabatur.
1429 1808 1485 1849 Et
1516 1806 1656 1865 neptis
1688 1806 1783 1865 qui-

415 1886 511 1930 dem
536 1903 621 1930 suae
644 1885 786 1940 Juliae,
810 1885 986 1945 profuse
1012 1886 1064 1928 ab
1088 1901 1138 1927 ea
1157 1894 1397 1940 exstructa,
1421 1885 1548 1927 etiam
1573 1884 1707 1927 diruit
1728 1883 1782 1927 ad

415 1965 556 2010 solum
579 1983 588 2008 :
616 1981 693 2009 sua
719 1981 843 2020 vero,
871 1965 1066 2024 quamvis
1093 1963 1283 2017 modica,
1314 1980 1400 2005 non
1429 1973 1514 2005 tam
1543 1972 1782 2006 statuarum

414 2044 750 2103 tabularumque
776 2044 990 2102 pictarum
1016 2051 1194 2097 ornatu,
1219 2058 1348 2100 quam
1373 2042 1505 2101 xystis
1531 2051 1573 2084 et
1598 2043 1784 2085 nemori-

415 2123 496 2165 bus
517 2121 726 2176 excoluit,
750 2122 965 2179 rebusque
987 2130 1199 2163 vetustate
1222 2138 1270 2163 ac
1290 2121 1466 2163 raritate
1487 2120 1749 2165 notabilibus
1772 2138 1780 2163 :

416 2201 559 2261 qualia
593 2211 694 2245 sunt
729 2201 908 2261 Capreis
943 2201 1197 2242 immanium
1231 2199 1474 2243 belluarum
1508 2199 1784 2260 ferarumque

418 2281 609 2324 membra
642 2278 933 2340 praegrandia,
961 2296 1056 2338 quae
1088 2278 1294 2322 dicuntur
1328 2280 1572 2340 Gigantum
1606 2296 1709 2323 ossa
1743 2288 1784 2323 et

418 2376 543 2404 arma
567 2362 774 2404 Heroum.

482 2441 684 2483 LXXIII.
721 2439 1005 2482 Instrumenti
1031 2440 1122 2498 ejus
1147 2447 1189 2480 et
1216 2437 1491 2498 supellectilis
1518 2438 1782 2498 parcimonia

420 2527 598 2578 apparet
628 2518 756 2561 etiam
786 2535 925 2572 nune,
950 2517 1130 2560 residuis
1163 2516 1281 2559 lectis
1312 2527 1440 2577 atque
1468 2518 1647 2572 mensis,
1673 2533 1782 2576 quo-

424 2614 518 2639 rum
548 2596 751 2656 pleraque
783 2598 849 2652 vix
882 2597 1059 2656 privatae
1083 2594 1304 2654 elegantia}
1336 2598 1434 2639 sint.
1468 2599 1535 2640 Ne
1564 2606 1660 2638 toro
1687 2597 1781 2655 qui-
