1988 3407
599 242 650 277 IN
681 241 790 277 OCT.
823 240 1120 275 AUGUSTUM.
1493 239 1557 273 161

213 322 480 356 Reddereneur.
504 318 716 355 Sacrificale
748 318 839 352 illud
870 317 1041 351 verbum.
1077 316 1137 351 Sic
1175 314 1295 364 virg„
1332 317 1484 363 Ceorg„
1508 330 1563 362 ιι,

166 388 234 430 194
255 397 261 417 ;

303 486 460 519 Lancibus
480 492 510 517 et
531 484 643 528 pandis
666 482 819 514 fumantia
843 481 1005 513 reddimus
1026 487 1108 512 exta.

160 582 237 619 Ubi
258 582 409 618 Servius
440 595 448 616 :
477 598 491 613 «
512 579 672 628 Proprio
695 578 934 614 sacerdotum
959 576 1079 611 verbo
1101 589 1190 612 usus
1222 583 1294 623 est;
1328 577 1439 613 reddi
1468 578 1566 613 enim

161 651 246 679 exta
267 643 504 688 dicebantur,
526 655 645 690 quum
665 641 847 689 probata,
868 647 904 674 et
929 638 1044 683 elixa,
1066 650 1138 673 arae
1150 640 1530 688 superponebantur.
1552 656 1567 672 ι.

215 707 410 754 Reliquice.
434 706 523 741 Non
543 711 630 740 sunt
656 710 852 747 extorum,
873 702 939 738 sed
960 713 1089 737 carnes
1108 700 1268 736 victimae
1294 702 1448 750 reliquae
1467 705 1568 750 prae—

161 775 218 803 ter
238 776 334 804 exta.

214 831 304 867 Cn.
324 831 372 866 11.
394 831 441 865 D.
463 823 616 865 Iulium.>
638 828 718 864 Hos
740 827 897 863 adscivit
919 827 1040 863 Caesar
1058 826 1141 875 lege
1160 826 1297 863 Cassia.
1324 827 1422 864 Vide
1446 827 1539 863 Coes.
1553 855 1565 872 ‚

162 905 245 941 cap.
265 905 346 929 xm.

218 955 460 1002 Quoestorius.
482 954 529 989 H.
551 966 582 989 e.
607 959 797 1002 quaestura
820 953 984 988 functus.

213 1017 369 1053 AEmilio
396 1018 518 1065 Papo.
541 1016 637 1061 Qui,
660 1022 752 1052 teste
773 1015 874 1059 Liv.‚
894 1027 1047 1061 xxvn1‚
1070 1014 1136 1061 38,
1159 1023 1302 1062 praetor·
1322 1016 1395 1051 fuit
1415 1016 1569 1062 Siciliae,

161 1079 200 1114 P.
216 1078 395 1127 Scipione
421 1078 603 1114 Africano
622 1085 659 1113 et
677 1080 716 1114 P.
742 1077 890 1113 Licinio
917 1078 1050 1112 Crasso
1078 1089 1193 1123 coss„
1215 1080 1259 1114 A.
1282 1080 1327 1115 U.
1352 1077 1439 1121 548.

216 1142 460 1190 Illagz'stert'zlc.
492 1141 541 1176 Hi
565 1140 814 1188 municipales
845 1139 1084 1187 magistratus
1120 1141 1223 1187 apud
1250 1143 1444 1176 Romanos
1474 1153 1571 1176 con-

163 1203 343 1252 temptui;
373 1203 461 1239 inde
483 1203 589 1251 apud
614 1203 691 1239 Cic.
709 1216 785 1252 pro
808 1203 934 1238 Sea-tio
946 1229 957 1245 ,
981 1215 1054 1237 ΠΝ
1079 1216 1086 1236 :
1109 1219 1123 1234 «
1150 1203 1332 1239 Homines
1351 1205 1570 1251 mum'cipa-

162 1268 216 1302 les
242 1273 279 1302 et
297 1265 488 1303 rusticani.
505 1282 520 1298 »

215 1329 357 1366 Scribit.
380 1330 423 1364 In
448 1328 553 1364 libris
573 1328 620 1364 de
635 1327 713 1365 vita
733 1341 800 1365 sua
822 1342 829 1363 :
851 1328 939 1365 vide
965 1342 1045 1378 cap.
1072 1343 1207 1365 lxxxv,

216 1391 272 1426 M.
294 1392 489 1427 Antonius.
518 1392 562 1426 In
589 1390 780 1438 epistolis,
805 1390 852 1426 de
879 1392 1021 1439 quibus
1041 1392 1178 1437 Tacit„
1200 1393 1362 1434 Annas„
1396 1405 1454 1437 xv,
1486 1393 1530 1434 3⁴7.
1563 1406 1571 1427 :

163 1452 353 1489 «Antonii
385 1452 552 1500 epistolae
581 1452 671 1488 falsa
692 1452 848 1501 quidem
875 1452 914 1488 in
937 1456 1149 1501 Augustum
1173 1454 1339 1501 probra,
1368 1454 1434 1488 sed
1456 1455 1573 1489 multa

163 1526 249 1549 cum
275 1514 479 1550 acerbitate
498 1514 651 1551 habent.
671 1531 684 1546 υ

218 1578 308 1613 ΟΑΡ.
336 1578 404 1613 ΙΠ.
432 1578 631 1613 Divis-ores.
656 1577 753 1624 Qui,
777 1577 817 1612 in
841 1590 976 1625 campo
997 1578 1156 1624 Martio,
1176 1578 1376 1626 pecuniam
1398 1578 1574 1612 tribubus

164 1639 317 1676 nomine
339 1639 631 1676 candidatorum
656 1639 892 1676 dividebant.
918 1641 1072 1686 Rosin.‚
1096 1644 1180 1677 Ant.
1204 1655 1296 1677 rom.
1311 1668 1322 1684 ‚
1350 1654 1433 1686 vu,
1456 1641 1487 1677 8.

225 1703 444 1752 Operas-que
464 1711 705 1750 campestres.
734 1702 795 1739 Sic
817 1704 1077 1749 vocabantur,
1109 1704 1175 1751 qui
1206 1717 1358 1752 operam
1394 1716 1497 1738 suam
1537 1703 1575 1738 in

167 1776 301 1812 campo
326 1764 468 1800 Martio
498 1764 709 1800 candidatis
728 1765 980 1812 praestabant,
1010 1773 1045 1801 ct
1076 1778 1147 1812 pro
1181 1766 1251 1801 illis
1282 1766 1508 1801 laborabant
1528 1765 1576 1800 ad

168 1827 424 1874 comparanda
443 1828 501 1862 vel
522 1827 681 1862 emenda
705 1827 897 1874 suffragia.

223 1890 388 1925 Sortitus.
404 1889 591 1935 Velleius,
618 1902 649 1924 11
664 1918 673 1934 ‚
697 1888 744 1937 59
766 1902 774 1923 :
796 1905 810 1920 «
832 1889 903 1924 Hie
923 1897 1064 1936 praetor
1082 1892 1182 1926 inter
1201 1891 1455 1925 nobilissimos
1474 1890 1576 1925 viros

169 1957 318 1987 creatus
342 1950 467 1999 primo
492 1952 599 1995 loco,
627 1964 746 1998 quum
771 1949 805 1985 ei
826 1950 998 1998 dignatio
1023 1953 1122 1987 Julia
1144 1952 1308 2001 genitam
1332 1952 1452 1987 Atiam
1478 1965 1574 1987 con—

167 2013 326 2050 ciliasset
354 2026 511 2050 uxorem
525 2041 534 2058 ‚
549 2026 652 2049 exeo
673 2014 821 2049 honore
847 2013 1003 2049 sortitus
1032 2015 1296 2050 Macedoniarn
1313 2042 1322 2059 ,
1344 2015 1576 2062 appellatus-

170 2087 246 2123 que
265 2075 305 2111 in
334 2088 376 2111 ea
399 2075 626 2124 imperator,
656 2075 844 2111 decedens
873 2074 921 2110 ad
949 2076 1174 2122 petitionem
1210 2078 1428 2111 consulatus
1457 2076 1574 2122 obiit,

170 2143 392 2184 praetextato
415 2138 546 2173 relicto
565 2137 655 2173 filio.
679 2155 693 2169 >v

226 2199 352 2234 Extra
371 2200 552 2234 ordinem.
583 2199 788 2235 Ordinaria
816 2200 914 2235 enirn
936 2200 1133 2247 provincia
1159 2200 1307 2236 Octavii
1337 2207 1415 2235 orat
1443 2201 1574 2235 Maec--

171 2260 284 2296 donia
307 2275 314 2296 :
342 2261 523 2308 injectum
545 2269 597 2297 est
624 2262 658 2296 ei
679 2262 753 2297 hoc
775 2263 879 2297 velut
906 2264 1275 2304 exerma-dinarium‚
1300 2271 1340 2298 ut
1362 2263 1459 2297 inter
1481 2275 1577 2298 eun-

171 2322 263 2358 dum
279 2323 319 2358 in
338 2323 573 2371 provinciam
593 2323 772 2371 fugitivos
787 2325 1011 2373 extirparet3
1034 2325 1082 2360 ita
1101 2326 1227 2371 jussus
1240 2354 1248 2370 ,
1271 2332 1366 2359 auct.
1384 2325 1436 2359 Cl.
1453 2326 1575 2366 Ham,

171 2397 191 2419 a
211 2392 364 2430 senatu,
382 2398 429 2420 ne
455 2385 570 2420 alium
597 2385 801 2421 exercitum
822 2386 919 2422 mitti
939 2400 1089 2422 neccsse
1117 2387 1226 2422 foret.

229 2447 367 2483 Bessis.
397 2447 484 2482 Haec
507 2454 585 2482 crat
612 2447 778 2483 Thraciae
807 2447 911 2483 natio
943 2448 990 2484 ad
1011 2455 1180 2484 montem
1210 2448 1390 2483 Haemum.
1421 2449 1577 2492 Cellar„

180 2509 293 2557 Geog.
315 2517 414 2552 ant„
442 2511 498 2554 η’,
525 2508 579 2545 15.

231 2571 432 2618 Epistoloe.
459 2572 514 2607 Ad
542 2572 775 2617 (milzafrat.
794 2601 803 2616 ,
837 2587 869 2619 1,
900 2587 911 2608 r
929 2602 937 2617 ,
964 2587 995 2618 7.

231 2633 346 2667 Asioe.
375 2633 498 2669 Asiam
519 2633 673 2670 sortitus
694 2643 771 2670 erat
793 2637 836 2681 Q.
863 2636 1020 2678 Cicero,
1044 2636 1094 2669 M.
1118 2634 1289 2682 Pupione
1316 2641 1351 2669 ct
1376 2634 1427 2668 M.
1458 2633 1574 2668 Vale—

170 2694 262 2729 lerio
289 2697 444 2732 Messala
472 2709 574 2732 coss.

345 2793 386 2821 Η.
1361 2782 1400 2808 ll
