1988 3407
619 233 670 268 IN
699 235 738 269 C.
770 234 802 268 J.
834 233 1090 268 CJESAREM.
1489 235 1558 272 135

171 322 246 358 que
265 309 448 357 impetum
462 337 472 353 ,
497 322 539 344 ac
564 322 685 357 prope
705 321 784 357 quo
805 311 889 344 loco
904 336 914 352 ,
934 315 970 343 et
994 320 1108 356 quem
1128 308 1175 343 ad
1195 309 1352 345 modum
1377 312 1448 347 tela
1468 313 1558 347 mit-

171 378 313 415 terent,
341 370 523 418 praecipit.
545 387 560 403 ι

223 434 311 469 Cn.
335 434 498 469 xxvtl.
524 432 785 468 Concliu'onem.
807 432 880 466 Pro
905 431 1080 478 pactione
1103 433 1324 481 nuptiarum
1343 437 1557 482 sponsalio-

172 507 313 531 rumve.
347 496 404 531 Ex
449 495 595 541 Cujac.,
636 494 672 528 in
713 493 1001 528 Remmeiacione
1035 495 1269 542 nuptiarum,
1307 496 1442 532 usitata
1478 498 1555 533 haec

170 557 307 592 verba:
329 574 342 588 a
358 557 576 592 conditione
602 569 678 591 non
703 562 787 590 utar
812 563 886 591 tua.
913 572 926 586 n

225 620 363 654 Fausto
393 619 522 654 Sulloe.
551 627 603 668 Τῷ
632 626 734 668 Σύλλᾳ
763 621 879 664 παιδί,
900 619 1086 655 Plutarch.
1108 619 1147 654 in
1176 618 1295 662 Coes.,
1316 633 1354 668 p.
1377 626 1463 666 714.

226 680 331 716 Cimz
354 693 447 716 eum.
474 679 632 724 Amicis,
661 679 853 727 proximis.
877 681 937 716 Sic
957 682 1112 726 Noster,
1137 680 1241 725 Cal.,
1264 695 1309 727 x,
1331 694 1375 729 73
1394 683 1555 726 Domit.,

172 754 227 785 ix,
257 742 288 777 3.

224 805 404 839 Gratuito.
432 805 476 840 H.
501 816 531 839 e.
561 803 719 851 pecunia
746 810 880 839 mutuo
903 804 991 840 data
1019 806 1096 841 sine
1120 806 1278 842 foenore.

223 866 454 916 Congianbs.
489 867 648 916 Proprie
680 867 837 902 donatio
871 868 951 903 vini
981 876 1045 904 aut
1077 869 1150 905 olei
1179 882 1187 903 :
1215 868 1304 904 inde
1329 868 1486 906 ductum
1512 870 1561 907 ad

169 928 334 976 quasvis,
353 928 464 964 etiam
482 928 669 976 pecuniae‚
696 929 932 966 donationes.

224 991 390 1026 Unicum.
414 991 460 1026 H.
480 1003 510 1026 e.
538 991 746 1040 singulare,
761 992 939 1027 eximium
955 1021 963 1036 ,
985 999 1026 1027 ut
1048 994 1187 1038 plaut„
1212 994 1314 1032 Asin,
1328 1021 1339 1036 ‚
1362 1007 1420 1040 1v,
1446 1008 1480 1041 1,
1503 995 1523 1031 3
1544 1008 1555 1032 ε

306 1095 355 1126 'ru
372 1100 465 1137 poeta
483 1105 516 1126 es
536 1105 660 1137 prorsus
678 1095 717 1127 ad
738 1106 806 1126 eam
827 1107 893 1127 rein
915 1096 1037 1127 unicus.

221 1185 308 1220 CAP.
330 1185 516 1221 XXVIII.
540 1186 670 1233 Reges.
693 1187 747 1221 Sc.
776 1199 881 1234 reges
904 1186 1120 1222 foederatos.

221 1247 419 1295 Superque.
443 1247 489 1282 H.
518 1260 549 1282 e.
573 1254 803 1295 praeterque,
828 1255 868 1282 ut
889 1247 1085 1293 Phaedrus,
1112 1261 1181 1292 111,
1216 1261 1283 1294 ια,
1312 1261 1332 1284 2
1362 1262 1373 1285 z

307 1338 371 1380 Qui
389 1349 483 1382 snper
498 1339 640 1370 obeo-ma
657 1339 739 1370 dicia
760 1347 790 1371 et
812 1340 955 1382 petulans
972 1340 1121 1382 jurgium.

221 1429 276 1463 M.
306 1428 495 1464 Claudius.
516 1429 657 1464 Consul
679 1428 749 1463 fuit
782 1441 866 1464 cum
887 1429 990 1464 Serv.
1014 1429 1155 1476 Sulpic.
1182 1429 1308 1474 Rufo,
1330 1431 1375 1466 A.
1403 1431 1449 1468 U.
1473 1431 1560 1476 703.

222 1490 422 1535 Quando...
445 1490 673 1538 obrogusset.
704 1491 924 1526 Gronovius
945 1499 982 1525 et
1007 1504 1079 1539 pro
1105 1504 1172 1526 nec
1191 1491 1281 1541 legit
1296 1520 1304 1536 ‚
1328 1491 1437 1540 quod
1460 1493 1559 1528 reci-

165 1552 275 1599 piunt
301 1552 418 1587 Wolf.
443 1558 479 1587 et
505 1552 559 1588 Cl.
587 1553 694 1588 Hase.

220 1615 268 1648 In
280 1614 472 1650 cerarium.
494 1614 568 1650 Ubi
588 1614 837 1650 servabantur
858 1614 1310 1662 leges,senatusconsulta
1336 1622 1373 1650 et
1402 1624 1558 1652 contra-

164 1682 293 1710 ctuum
317 1682 572 1711 monumenta.
603 1676 658 1711 Cf.
680 1677 900 1711 ΡιυτΑιιοΗ.
914 1704 924 1720 ,
941 1676 1084 1722 Quoest.
1106 1689 1219 1720 rom.‚
1238 1682 1296 1719 4ο.

218 1737 425 1785 Rogatione
449 1737 612 1772 t'aa'm'a.
644 1736 740 1772 Vide
764 1750 900 1785 supra,
924 1750 958 1772 ν.

219 1799 306 1833 Cn.
328 1798 479 1834 XXIX.
507 1799 730 1846 Insequenti.
755 1802 796 1834 A.
826 1800 870 1834 U.
895 1805 980 1844 704.

221 1858 424 1894 Curionem.
454 1859 572 1906 Cujus
594 1859 764 1907 perditos
792 1873 915 1896 mores
935 1860 1115 1896 describit
1139 1863 1235 1897 Vell.
1252 1890 1261 1905 ‚
1284 1875 1338 1907 1¹,
1364 1863 1427 1898 83.

220 1921 454 1968 Descgrnaeos.
471 1922 510 1956 L.
527 1922 743 1957 Cornelium
768 1923 969 1957 Lentulum
990 1929 1025 1957 et
1040 1923 1079 1958 C.
1102 1923 1302 1959 Claudium
1322 1925 1558 1962 Marcellum.

219 1983 379 2031 Pepigie.
407 1983 544 2018 Pacisci
580 1984 723 2028 voluit,
754 1984 819 2019 sed
855 1984 1058 2019 adversarii
1095 1985 1220 2020 omnia
1255 1986 1491 2032 rejecerunt,
1518 1994 1560 2021 ut

165 2056 252 2079 mox
273 2043 456 2092 sequitur.

217 2106 305 2141 Cu».
320 2106 448 2141 XXX.
467 2107 710 2142 Adversarislv.
735 2108 964 2143 Consulibus
991 2109 1167 2153 maxime,
1190 2109 1353 2144 Lentulo
1380 2117 1416 2146 et
1450 2111 1557 2145 Mar-

166 2168 272 2203 cello.

219 2228 537 2277 conventibusque.
568 2230 663 2266 Vide
683 2243 817 2279 supra,
844 2245 911 2267 vu.

219 2290 364 2325 Nomen
383 2291 472 2336 ejm.
497 2292 540 2327 H.
563 2305 594 2327 e.
622 2292 768 2339 judicio
794 2294 925 2341 capitis
945 2302 1230 2341 accusaturum,
1247 2303 1287 2330 ut
1306 2296 1401 2342 Cic„
1428 2295 1527 2332 Verr.
1544 2324 1555 2339 ‚

165 2366 198 2397 ι,
227 2353 250 2388 6
286 2366 294 2387 :
331 2371 344 2384 «ι
374 2354 520 2389 Nomen
557 2355 716 2391 hominis
744 2356 977 2392 audacissimi
1009 2357 1139 2392 detuli.
1175 2377 1188 2388 ιι
1218 2358 1278 2394 Sic
1323 2359 1485 2405 Noster,
1520 2359 1557 2394 in

166 2415 324 2458 Domit.‚
353 2428 410 2450 xv.

218 2468 366 2503 Asinius
389 2469 522 2504 Pollio.
546 2470 635 2505 Belli
657 2470 774 2506 civilis
798 2471 990 2507 historiam
1010 2472 1175 2520 scripsit,
1198 2480 1238 2507 ut
1265 2474 1377 2509 docet
1398 2475 1528 2510 Horat.
1547 2502 1557 2520 ‚

169 2530 238 2564 (hl.
262 2543 308 2575 u,
341 2543 352 2565 ι
380 2544 388 2565 :

350 2626 474 2656 Motum
496 2636 533 2656 ex
553 2626 683 2656 Metello
703 2627 830 2658 consule
847 2626 982 2659 civicum
1002 2653 1009 2661 .

354 2680 491 2722 Brutique
512 2692 616 2712 causas
635 2688 662 2711 et
689 2682 760 2713 »iiia
778 2690 805 2713 ι;Ι
826 2683 944 2714 innodo».
