1971 3342
432 240 502 277 ποί.
965 234 1001 269 C.
1034 234 1259 269 SUETONII

432 319 575 374 Livia,
609 317 713 377 quid
753 317 894 376 nepoti
933 327 1007 359 tuo
1035 317 1208 360 Tiberio
1241 315 1482 358 faciendum
1526 325 1634 360 esset
1665 317 1775 363 ludis

433 396 718 441 Martialibus.
756 396 983 441 Consensit
1015 406 1158 439 autem
1188 405 1367 455 uterque
1401 405 1616 452 nostrum⁷
1650 390 1802 442 semel'

432 478 556 521 nobis
573 492 662 520 esse
679 475 974 531 statuendum,
998 475 1114 534 quod
1133 475 1361 519 consilium
1381 477 1422 518 in
1444 474 1516 519 illo
1535 493 1777 536 sequamur.

431 559 543 601 Nam
569 557 602 600 si
629 565 691 599 est
716 550 873 612 ἰέρτιος,
898 564 965 610 et,
985 563 1033 597 ut
1053 555 1111 597 ita
1131 554 1289 612 dicam,
1310 551 1541 612 ὃλὲκληρος,
1568 555 1672 615 quid
1696 566 1782 612 est,

432 636 548 696 quod
575 636 842 691 dubitemus,
878 634 982 693 quin
1017 649 1092 694 per
1130 633 1302 677 eosdem
1329 633 1532 678 articulos
1554 645 1597 678 et
1623 635 1781 695 gradus

434 714 740 776 producendus
769 713 845 770 sit,
877 729 954 773 per
978 729 1085 772 quos
1108 712 1238 756 frater
1271 713 1360 772 ejus
1398 713 1632 773 productus
1670 714 1783 757 fuit?

433 796 508 839 Sin
534 805 677 838 autem
721 790 993 849 ἠλαττῶσθαι
1034 793 1240 836 sentimus
1265 809 1378 848 eum,
1408 799 1476 837 καῖ
1500 787 1754 849 βεβλάφθαι
1772 828 1784 850 ,

435 881 503 919 καὶ
528 879 581 924 εἰς
608 872 680 930 τὴν
703 873 769 918 τοῦ
796 868 1002 932 σὼματος,
1030 878 1099 916 καί
1122 877 1174 922 εἰς
1193 870 1263 928 τὴν
1286 871 1356 928 τῆς
1382 871 1526 935 ψυχῆς
1551 868 1784 931 ἆρτιέτητοε,

434 956 665 1016 praebenda
703 955 879 997 materia
915 953 1138 996 deridendi
1180 963 1222 996 et
1258 952 1377 996 illum
1404 963 1445 995 et
1486 970 1562 996 nos
1594 970 1682 996 non
1722 963 1785 995 est

435 1034 703 1090 hominibuS,
737 1032 788 1077 τοὶ
814 1031 981 1077 τοιαῦτα
1007 1029 1200 1076 σκώπτειν
1226 1038 1294 1075 καὶ
1317 1036 1569 1090 μυκτηριζειν
1598 1026 1782 1078 εἰωθέσι.

433 1116 545 1157 Nam
581 1130 747 1173 semper
781 1113 1078 1168 aestuabimus,
1105 1113 1138 1154 si
1171 1111 1222 1154 de
1248 1111 1427 1171 singulis
1455 1110 1649 1154 articulis
1677 1121 1783 1154 tem-

436 1209 591 1254 porum
616 1191 970 1247 deliberabimus,
983 1189 1045 1249 μὴ
1063 1197 1388 1248 προϋποκειμενον
1405 1191 1521 1249 ἡμῖν,
1547 1206 1669 1250 posse
1688 1207 1785 1233 eum

435 1289 582 1333 gerere
599 1272 783 1315 honores
804 1272 1082 1327 arbitremur,
1105 1288 1183 1314 nec
1210 1288 1276 1314 ue.
1302 1273 1349 1313 In
1375 1271 1599 1330 praesentia
1622 1279 1785 1323 tamen,

435 1353 592 1412 quibus
620 1351 672 1395 de
701 1352 828 1395 rebus
856 1351 1066 1407 consulis,
1086 1368 1236 1395 curare
1259 1367 1356 1394 eum
1374 1350 1494 1393 cudis
1514 1348 1787 1393 Martialibus

438 1431 675 1476 triclinium
703 1431 998 1485 sacerdotum,
1027 1448 1113 1474 non
1141 1430 1336 1490 displicet
1364 1430 1507 1483 nobis⁷
1535 1430 1568 1472 si
1594 1438 1658 1472 est
1691 1445 1787 1488 pas-

438 1529 583 1568 surus,
625 1528 667 1554 se
692 1512 745 1554 ab
775 1510 907 1554 Silani
934 1510 1044 1566 filio,
1065 1511 1240 1554 homine
1269 1511 1347 1553 sibi
1373 1510 1511 1566 affini,
1537 1509 1757 1552 admoneri
1776 1544 1788 1564 ,

438 1608 491 1634 ne
514 1590 618 1651 quid
639 1589 764 1633 faciat
781 1626 792 1646 ‚
814 1590 930 1649 quod
950 1591 1138 1650 conspici
1161 1600 1202 1633 et
1220 1590 1405 1633 derideri
1424 1590 1573 1650 possit.
1588 1590 1790 1648 Spectare

437 1687 535 1713 eum
556 1671 766 1713 circenses
790 1685 840 1712 ex
863 1668 1097 1729 pulvinari,
1126 1687 1212 1713 non
1236 1669 1373 1729 placet
1400 1670 1533 1712 nobis.
1558 1668 1789 1727 Expositus

438 1751 551 1793 enim
582 1749 624 1793 in
661 1750 799 1810 prima
837 1748 978 1792 fronte
1024 1747 1366 1808 spectaculorum
1402 1747 1698 1807 conspicietur.
1738 1748 1787 1789 In

440 1828 653 1873 Albanum
681 1837 875 1871 montem
912 1828 972 1871 ire
1001 1844 1120 1884 eum,
1146 1845 1232 1871 non
1267 1826 1407 1887 placet
1433 1827 1576 1883 nobis,
1601 1835 1675 1868 aut
1697 1841 1787 1868 esse

438 1910 585 1951 Romae
603 1909 858 1951 Latinarum
878 1906 1041 1951 diebus.
1058 1909 1147 1951 Cur
1168 1907 1280 1950 enim
1304 1924 1390 1951 non
1411 1906 1640 1966 praeficitur
1657 1903 1789 1957 Urbi,

439 1989 472 2031 si
499 1997 639 2048 potest
656 1987 830 2031 fratrem
853 2004 979 2031 suum
995 1988 1114 2047 sequi
1134 1989 1175 2030 in
1194 1985 1415 2030 montem?
1444 1985 1583 2028 Habes
1608 1992 1789 2039 nostras,

439 2084 533 2111 mea
572 2069 714 2122 Livia,
750 2068 1002 2122 sententias,
1036 2067 1191 2125 quibus
1230 2065 1369 2126 placet
1389 2064 1517 2109 semel
1550 2063 1603 2107 de
1630 2072 1718 2107 tota
1744 2079 1789 2105 re

440 2146 602 2206 aliquid
630 2147 855 2202 constitui,
874 2163 928 2189 ne
952 2162 1119 2206 semper
1148 2147 1259 2189 inter
1285 2162 1402 2205 spem
1427 2154 1467 2188 et
1494 2154 1657 2188 metum
1684 2142 1789 2186 fluc-

440 2236 623 2270 tuemus.
642 2226 808 2269 Licebit
820 2236 983 2282 autem,
1007 2226 1041 2269 si
1057 2225 1191 2281 voles,
1211 2225 1412 2269 Antoniae
1439 2240 1613 2284 quoque
1636 2231 1792 2266 nostrae

439 2305 513 2350 des
536 2306 648 2349 hanc
673 2315 838 2366 partem
861 2305 1052 2366 epistolae
1080 2306 1208 2365 hujus
1231 2303 1502 2365 legendam.»
1530 2305 1698 2347 Rursus
1726 2299 1789 2344 al-

441 2386 544 2429 teris
584 2385 736 2429 litteris
768 2402 777 2428 :
803 2385 1057 2429 «Tiberium
1080 2383 1395 2428 adolescentem
1422 2400 1501 2443 ego
1534 2399 1660 2436 vero,
1685 2380 1787 2423 dum

442 2476 489 2509 tu
516 2466 675 2516 aberis,
704 2464 897 2525 quotidie
917 2465 1107 2507 invitabo
1130 2463 1182 2506 ad
1208 2481 1393 2518 coenam,
1427 2480 1481 2506 ne
1505 2461 1619 2506 solus
1654 2469 1791 2503 coenet

442 2562 539 2588 cum
582 2562 659 2589 suo
699 2544 890 2604 Sulpicio
926 2554 968 2587 et
1012 2543 1306 2587 Athenodoro.
1353 2544 1441 2600 Qui
1479 2540 1624 2586 vellem
1647 2574 1657 2596 ,
1696 2537 1791 2581 (ἰίΙί-

444 2626 611 2683 gentius
646 2635 687 2669 et
712 2626 853 2668 minus
888 2618 1093 2681 μετεώρως
1122 2622 1326 2682 deligeret
1356 2623 1432 2665 sibi
1476 2620 1683 2679 aliquem,
1718 2635 1812 2688 ⁶¹¹2·
