1988 3439
633 284 670 318 C.
695 282 864 318 JULIUS
889 282 1070 318 CAESAR.
1496 280 1538 314 ι”ι

170 370 344 432 quidem
378 386 426 413 ac
459 367 714 430 periculosi,
750 368 981 422 abstinuit,
1007 376 1094 409 tam
1133 365 1376 422 foedcratis,
1407 381 1537 426 quani

172 452 333 496 infestis
370 467 418 495 ac
457 449 555 493 feris
595 449 796 510 gentibus
833 447 950 492 ultro
987 446 1226 491 lacessitis:
1253 446 1360 489 adeo
1387 457 1435 490 ut
1472 464 1538 491 se-

173 542 298 576 natus
327 530 546 592 quondam
575 529 737 590 legatos
774 528 826 572 ad
859 527 1176 589 explorandum
1196 536 1355 571 statum
1378 527 1541 572 Gallia-

171 629 268 656 rum
300 610 533 655 mittendos
554 609 816 664 decreverit,
840 625 888 652 ac
922 607 1120 652 nonnulli
1152 607 1398 651 dedendum
1441 625 1540 652 eum

172 692 367 736 hostibus
404 691 663 735 censuerint.
703 689 786 734 Sed
813 706 1019 750 prospere
1048 688 1354 733 decedentibus
1388 690 1540 746 rebus,

171 782 213 816 et
238 773 390 832 saepius
415 781 459 815 et
482 770 676 831 plurium
692 805 703 826 ,
722 786 853 830 quam
875 771 1103 830 quisquam
1129 785 1344 830 unquam,
1368 769 1536 813 dierum

168 851 502 914 supplicationes
528 851 789 912 impetravit.

231 934 369 977 XXV.
409 933 553 977 Gessit
577 941 722 976 autem
747 948 903 975 novem
929 931 1077 988 annis,
1102 931 1260 991 quibus
1287 931 1328 973 in
1356 931 1540 991 imperio

168 1013 275 1069 fuit,
308 1013 398 1057 haec
438 1012 537 1056 fere.
581 1013 770 1057 Omnem
809 1010 1024 1068 Galliam,
1059 1027 1153 1070 quae
1187 1009 1298 1054 saltu
1333 1013 1539 1071 Pyrenaeo

168 1092 440 1154 Alpibusque
483 1102 525 1137 et
563 1101 710 1137 monte
744 1092 980 1147 Gebenna,
1012 1091 1354 1151 fluminibusque
1386 1090 1540 1135 Rheno

169 1184 210 1218 et
251 1174 465 1218 Rhodano
506 1174 785 1230 continetur,
813 1182 1019 1234 patetque
1062 1173 1248 1216 circuitu
1295 1171 1348 1215 ad
1394 1172 1459 1214 bis
1499 1181 1541 1214 et

172 1255 311 1298 tricies
344 1264 521 1297 centum
552 1252 689 1297 millia
719 1269 949 1313 passuum,
984 1262 1140 1312 praeter
1175 1252 1312 1295 socias
1347 1267 1398 1295 ac
1432 1251 1541 1295 bene

169 1335 344 1377 meritas
372 1335 592 1389 civitates,
627 1335 669 1376 in
700 1333 936 1392 provinciae
972 1332 1156 1374 formam
1193 1331 1385 1392 redegit,
1417 1332 1541 1390 eique

168 1413 522 1475 quadringenties
544 1414 587 1456 in
610 1411 802 1473 singulos
824 1427 959 1454 annos
980 1410 1185 1471 stipendii
1206 1412 1382 1454 nomine
1404 1412 1543 1470 impo-

167 1496 265 1538 suit.
303 1495 574 1550 Germanos,
607 1494 680 1553 qui
716 1502 834 1536 trans
873 1491 1079 1535 Rhenum
1117 1489 1341 1548 incolunt,
1376 1492 1540 1552 primus

168 1577 465 1620 Romanorum
497 1584 628 1635 ponte
653 1573 866 1618 fabricato
895 1588 1148 1634 aggressuS,
1174 1571 1371 1615 maximis
1399 1570 1543 1615 affecit

167 1654 376 1699 cladibus.
418 1657 660 1718 Aggressus
699 1664 763 1699 est
798 1663 840 1698 et
877 1654 1137 1709 Britannos,
1177 1652 1349 1714 ignotos
1388 1661 1542 1703 antea;

169 1737 468 1798 superatisque
505 1737 708 1798 pecunias
748 1745 791 1779 et
826 1733 998 1779 obsides
1039 1733 1270 1794 imperavit
1308 1749 1317 1775 ε
1360 1749 1436 1793 per
1478 1741 1544 1777 tot

169 1833 387 1861 successus
412 1826 503 1874 ter,
531 1833 610 1861 nec
634 1815 845 1877 amplius,
873 1815 1103 1860 adversum
1129 1830 1276 1858 casum
1300 1823 1503 1874 expertus
1531 1829 1539 1855 :

168 1897 212 1940 in
242 1898 490 1954 Britannia,
526 1896 657 1941 classe
688 1898 730 1940 vi
758 1897 1026 1957 tempestatis
1055 1911 1190 1957 prope
1216 1895 1474 1954 absumpta,
1501 1903 1544 1936 ct

167 1978 211 2021 in
237 1977 406 2034 Gallia,
435 1977 489 2022 ad
514 1979 778 2039 Gergoviam
807 1977 976 2038 legione
1005 1976 1124 2031 fusa3
1152 1985 1195 2019 et
1225 1976 1268 2018 in
1298 1976 1542 2019 Germano-

166 2075 263 2102 rum
288 2058 471 2116 finibus,
501 2060 672 2103 Titurio
697 2067 738 2102 et
763 2055 1059 2103 Aurunculeio
1086 2055 1237 2117 legatis
1263 2071 1339 2116 per
1363 2054 1542 2098 insidias

165 2140 295 2183 caesis.

230 2221 395 2264 XXVI.
430 2220 594 2265 Eodem
612 2222 820 2282 temporis
838 2221 978 2282 spatio
997 2229 1181 2263 matrem
1202 2219 1366 2280 primo,
1386 2216 1542 2261 deinde

166 2297 326 2354 filiam,
353 2315 432 2343 nec
460 2299 600 2343 multo
629 2310 728 2360 post
758 2311 959 2361 nepotem
987 2301 1145 2344 amisit.
1173 2302 1294 2343 Inter
1320 2315 1415 2359 quae
1441 2315 1544 2342 con-

167 2389 358 2423 sternata
384 2382 430 2424 P.
460 2379 601 2424 Clodii
627 2380 741 2423 caede
766 2379 989 2440 republica
1009 2415 1020 2436 ,
1045 2397 1181 2440 quum
1207 2388 1380 2423 senatus
1407 2395 1542 2421 unum

165 2459 414 2516 consulem,
445 2460 790 2520 nominatimque
814 2461 896 2503 Cn.
924 2461 1207 2520 Pompeium,
1235 2459 1325 2502 ficri
1354 2458 1543 2502 censuis-

165 2549 253 2596 set,
293 2541 382 2601 egit
423 2557 522 2584 cum
567 2540 752 2584 tribunis
792 2539 957 2600 plehiS,
999 2538 1210 2599 collegam
1251 2555 1295 2581 se
1332 2539 1544 2598 Pompeio

165 2620 506 2677 destinantibus,
535 2621 577 2664 id
602 2622 747 2682 potius
773 2621 826 2665 ad
853 2620 1068 2682 populum
1091 2619 1280 2675 ferrent,
1304 2628 1353 2661 ut
1377 2618 1542 2661 absenti

168 2701 273 2758 sibi,
311 2701 662 2762 quandocunque
700 2703 868 2763 imperii
909 2712 1080 2762 tempus
1117 2699 1279 2760 expleri
1318 2699 1542 2761 coepisset,
