1971 3342
391 234 438 277 94
911 232 948 265 C.
977 230 1204 266 sUETONn

454 315 589 356 LXX.
627 315 761 358 Coena
795 330 969 373 quoque
1003 314 1095 374 ejus
1131 313 1333 356 secretior
1367 313 1409 355 in
1448 311 1603 356 fabulis
1640 312 1745 368 suit,

386 409 481 453 quae
512 391 643 454 vulgo
670 389 908 444 ΣωΣεκᾶΘεος
938 394 1173 437 vocabatur
1202 411 1211 436 :
1239 394 1282 436 in
1322 409 1407 453 qua.-
1436 392 1616 436 deorum
1650 391 1748 436 dea-

385 488 570 533 rumque
613 473 766 517 habitu
811 473 1077 517 discubuisse
1122 473 1354 528 convivas,
1400 481 1441 516 et
1484 473 1625 533 ipsum
1667 488 1748 532 pro

383 551 584 613 Apolline
606 563 829 611 ornatum,
855 570 943 597 non
967 554 1144 597 Antonii
1168 552 1297 597 modo
1320 551 1529 614 epistolae,
1555 550 1748 613 singulo-

383 648 480 675 rum
511 633 689 676 nomina
720 633 986 678 amarissime
1017 633 1335 689 enumerantis,
1363 632 1647 693 exprobrant,
1673 631 1748 675 sed

381 719 424 754 et
452 712 543 756 sine
565 721 742 756 auctore
766 713 978 756 notissimi
1002 729 1151 756 versus
1178 730 1187 756 ε

458 846 582 891 Quum
600 845 760 893 primurn
776 845 931 882 istorum
954 846 1134 882 conduxit
1151 859 1277 882 mensa
1296 847 1516 895 choragum,

508 908 654 954 Sexque
674 908 765 943 deos
788 908 882 943 vidit
900 909 1043 953 Mallia,
1069 921 1204 956 sexque
1227 909 1333 954 deas;

459 969 578 1016 Impia
601 969 688 1004 dum
710 970 842 1004 Phoebi
866 971 984 1006 Caesar
1002 971 1196 1006 mendacia
1214 971 1329 1015 ludit,

505 1031 605 1065 Dum
627 1043 724 1065 nova
747 1031 930 1066 Divorum
950 1038 1070 1066 coenat
1092 1032 1292 1076 adulteria3

458 1091 593 1127 Omnia
617 1104 655 1127 se
674 1105 693 1126 a
713 1092 819 1127 terris
841 1099 928 1128 tunc
946 1093 1099 1128 numina
1121 1093 1373 1137 declinarunt,

504 1153 612 1200 Fugit
637 1160 673 1188 et
697 1161 843 1189 auratos
865 1155 1036 1201 Juppiter
1057 1155 1134 1202 ipse
1156 1161 1269 1189 toros,

375 1274 509 1319 Auxit
542 1291 672 1319 coenae
701 1293 920 1320 rumorem
952 1293 1121 1321 summa
1150 1286 1255 1320 tunc
1286 1277 1330 1320 in
1362 1276 1535 1320 civitate
1563 1277 1747 1337 penuria

375 1371 425 1400 ac
447 1354 599 1412 fames,
626 1355 998 1417 acclamatumque
1022 1366 1084 1400 est
1113 1356 1340 1417 postridie,
1367 1376 1387 1398 c<
1399 1372 1527 1400 omne
1549 1356 1746 1400 frumen-

375 1444 470 1478 tum
499 1434 601 1479 deos
630 1436 918 1492 comedisse3»
944 1447 1010 1493 et,
1036 1439 1283 1481 «Caesarem
1310 1453 1400 1481 esse
1428 1435 1555 1498 plane
1581 1435 1745 1497 Apolli-

375 1531 494 1570 nem,
520 1515 595 1559 sed
628 1518 856 1560 Tortorem
878 1534 886 1561 :
906 1537 926 1558 »
955 1534 1041 1578 quo
1071 1518 1332 1578 cognomine
1362 1518 1396 1561 is
1425 1517 1529 1561 deus
1554 1516 1743 1578 quadam

374 1595 418 1638 in
453 1605 576 1655 parte
613 1596 731 1640 urbis
769 1596 1003 1641 colebatur.
1042 1600 1231 1643 Notatus
1272 1608 1335 1640 est
1373 1607 1415 1641 et
1459 1606 1506 1640 ut
1542 1597 1740 1657 pretiosae

373 1674 652 1735 supellectilis
671 1677 1088 1738 Corinthiorumque
1106 1676 1401 1738 praecupidus,
1422 1687 1464 1721 et
1483 1676 1583 1720 aleae
1602 1675 1743 1720 indul-

373 1770 492 1815 gens.
529 1757 644 1801 Nam
680 1766 722 1800 et
753 1758 1080 1818 proscriptionis
1113 1768 1309 1818 tempore
1342 1756 1396 1801 ad
1431 1767 1617 1801 statuam
1649 1756 1741 1817 ejus

371 1832 639 1895 adscriptum
666 1846 752 1894 est,

495 1963 601 1997 Pater
623 1965 869 2011 argentarius,
889 1976 958 2012 ego
981 1965 1270 2009 Corinthiariu53

369 2101 505 2143 quum
526 2087 844 2130 existimaretur
867 2087 1077 2146 quosdam
1101 2097 1278 2148 propter
1298 2104 1398 2130 vasa
1423 2087 1649 2131 Corinthia
1673 2087 1737 2129 in-

369 2172 436 2207 ter
461 2167 726 2226 proscriptos
746 2183 919 2210 curasse
940 2167 1200 2211 referendos.
1228 2171 1282 2212 Et
1308 2167 1463 2211 deinde
1489 2166 1601 2210 bello
1628 2167 1736 2211 Sici-

369 2241 490 2287 liensi
518 2246 784 2307 epigramma
808 2245 1035 2308 vulgatum
1065 2257 1128 2291 est
1155 2264 1164 2290 :

495 2374 690 2421 Postquam
709 2374 764 2409 bis
788 2376 900 2410 classe
919 2375 1035 2410 victus
1054 2388 1164 2410 naves
1185 2375 1366 2422 perdidit,

492 2434 702 2482 Aliquando
724 2443 763 2470 ut
780 2436 922 2480 vincat,
944 2437 1038 2471 ludit
1061 2437 1205 2472 assidue
1227 2438 1355 2472 aleam.

429 2556 588 2601 LXXI.
624 2560 688 2602 Ex
705 2559 863 2619 quibus
883 2559 970 2602 sive
987 2558 1242 2602 criminibus
1259 2560 1348 2603 sive
1365 2559 1603 2604 maledictis
1623 2559 1729 2603 infa-

366 2636 496 2678 miam
532 2637 814 2697 impudicitiae‘
848 2637 1047 2681 facillime
1087 2638 1319 2696 refutavit,
1355 2649 1394 2682 et
1435 2640 1651 2699 praesentis
1689 2650 1730 2682 ct
