1971 3342
415 238 487 273 262
955 236 992 271 C.
1024 237 1252 272 SUETONII

415 321 496 365 Cui
531 320 620 380 spei
659 319 866 379 pronior,
911 319 1136 362 Britannia
1173 319 1461 378 Armeniaque
1498 321 1649 364 amissa
1671 356 1681 375 ‚
1722 340 1770 366 ac

412 416 563 442 rursus
591 409 774 459 utraque
811 408 1004 458 recepta,
1042 398 1298 443 defunctum
1335 415 1379 442 se
1415 399 1617 444 fatalibus
1648 401 1770 444 malis

411 479 695 523 existimabat.
728 480 791 523 Ut
824 495 953 535 vero,
990 478 1188 523 consulto
1210 479 1392 540 Delphis
1424 479 1647 540 Apolline,
1672 497 1770 541 sep-

413 559 701 618 tuagesimum
726 575 775 602 ac
800 559 979 602 tertium
1003 574 1165 602 annum
1191 559 1430 603 cavendum
1458 559 1561 614 sibi,
1585 559 1774 615 audivit,

411 639 535 699 quasi
563 655 613 682 eo
640 638 815 682 demum
842 637 1065 695 obiturus,
1092 655 1141 682 ac
1165 638 1272 682 nihil
1303 639 1547 699 conjectans
1570 638 1622 683 de
1649 649 1774 683 aetate

412 717 590 773 Galbae,
628 727 750 761 tanta
784 716 942 761 fiducia
978 734 1066 761 non
1104 718 1234 762 modo
1260 728 1499 775 senectam,
1532 718 1606 762 sed
1644 720 1773 763 etiam

410 807 665 858 perpetuam
685 796 1036 858 singularemque
1054 800 1252 858 concepit
1269 798 1535 854 felicitatem,
1553 809 1621 856 ut,
1646 800 1776 844 amis-

413 878 469 921 sis
497 877 725 939 naufragio
746 877 1070 938 pretiosissimis
1091 878 1221 922 rebus
1235 912 1246 934 ,
1270 894 1358 922 non
1379 878 1643 923 dubitaverit
1662 880 1776 923 inter

410 973 510 1001 suos
548 957 718 1013 dicere,
758 958 934 1019 «pisces
969 974 1039 1001 eas
1079 957 1160 1001 sibi
1199 956 1462 1001 relaturos.»
1502 958 1686 1019 Neapoli
1723 959 1776 1002 de

411 1047 533 1081 motu
563 1036 810 1081 Galliarum
849 1039 1052 1098 cognovit
1090 1038 1159 1081 die
1197 1038 1311 1098 ipso,
1346 1054 1432 1097 quo
1455 1044 1636 1082 matrem
1665 1040 1776 1083 occi-

410 1115 558 1160 derat:
581 1116 778 1176 adeoque
800 1116 915 1160 lente
938 1133 986 1160 ac
1011 1133 1160 1161 secure
1183 1116 1303 1173 tulit,
1326 1127 1375 1160 ut
1396 1117 1622 1178 gaudentis
1647 1119 1775 1162 etiam

412 1196 703 1256 suspicionem
745 1196 988 1257 praeberet,
1025 1206 1234 1256 tanquam
1267 1197 1493 1240 occasione
1532 1206 1634 1240 nata
1678 1213 1778 1258 spo-

408 1274 653 1320 liandarum
698 1277 796 1336 jure
838 1275 938 1319 belli
975 1275 1403 1337 opulentissimarum
1439 1277 1775 1337 provinciarum.

412 1356 570 1399 Statim
616 1357 661 1399 in
705 1356 978 1417 gymnasium
1020 1372 1298 1416 progressus,
1341 1365 1555 1400 certantes
1596 1355 1776 1401 athletas

411 1435 670 1480 effusissimo
699 1435 843 1479 studio
869 1436 1092 1496 spectavit.
1119 1437 1262 1480 Coenae
1288 1451 1460 1495 quoque
1485 1445 1680 1496 tempore
1707 1437 1774 1479 in-

408 1514 659 1576 terpellatus
684 1514 1106 1578 ¹tumultuosioribus
1146 1514 1328 1567 litteris,
1366 1515 1574 1559 hactenus
1616 1532 1774 1559 excan-

408 1593 522 1649 duit,
543 1605 593 1638 ut
619 1593 782 1638 malum
807 1595 886 1650 iis,
909 1597 983 1654 qui
1012 1594 1270 1651 descissent,
1294 1595 1547 1639 minaretur.
1574 1596 1774 1655 Denique

408 1690 485 1735 per
522 1684 622 1718 octo
650 1675 879 1718 continuos
918 1674 1006 1718 dies
1041 1691 1129 1717 non
1160 1674 1395 1717 rescribere
1427 1675 1658 1734 cuiquam,
1686 1692 1774 1718 non

408 1754 616 1798 mandare
636 1754 741 1814 quid
769 1764 842 1797 aut
868 1755 1099 1814 praecipere
1121 1764 1325 1810 conatus,
1357 1771 1448 1797 rem
1467 1754 1640 1798 silentio
1665 1753 1774 1798 obli-

408 1834 577 1877 teravit.

468 1915 584 1957 XLI.
611 1913 777 1957 Edietis
812 1913 987 1957 tandem
1016 1913 1215 1958 Vindicis
1251 1912 1576 1957 contumeliosis
1616 1922 1659 1956 et
1692 1913 1774 1956 fre-

406 1994 640 2054 quentibus
672 2002 920 2054 permotus,
947 2003 1145 2037 senatum
1175 1991 1355 2053 epistola
1392 1993 1435 2035 in
1476 1990 1686 2037 ultionem
1709 1994 1774 2037 sui

406 2074 556 2133 reique
582 2072 767 2133 publicae
802 2073 1056 2116 adhortatus
1088 2083 1175 2128 est,
1212 2081 1415 2115 excusato
1448 2071 1654 2132 languore
1684 2072 1774 2116 fau-

405 2153 543 2208 cium,
584 2161 765 2212 propter
801 2168 932 2212 quem
968 2169 1055 2195 non
1096 2152 1272 2196 adesset.
1312 2150 1435 2196 Nihil
1471 2162 1614 2196 autem
1652 2169 1772 2213 aeque

407 2230 572 2282 doluit,
593 2248 723 2291 quam
751 2241 797 2274 ut
823 2230 984 2275 malum
1014 2248 1058 2275 se
1088 2231 1375 2276 citharoedum
1403 2233 1664 2293 increpitum
1682 2267 1693 2289 ,
1721 2249 1769 2276 ac

406 2328 488 2371 pro
504 2313 680 2356 Nerone
698 2311 994 2354 AEnobarbum
1017 2311 1298 2372 appellatum.
1320 2315 1377 2357 Et
1410 2328 1569 2356 nomen
1594 2311 1770 2372 quidem

408 2389 592 2450 gentile,
622 2390 738 2450 quod
770 2391 849 2433 sibi
877 2406 955 2452 per
993 2390 1296 2435 contumeliam
1326 2392 1676 2452 exprobraretur,
1700 2407 1768 2434 re-

409 2480 655 2513 sumturum
688 2487 731 2513 se
764 2470 981 2531 professus
1013 2480 1102 2526 cst,
1131 2471 1325 2532 deposito
1361 2471 1582 2532 adoptivo.
1614 2472 1770 2515 Cetera

408 2550 626 2604 convicia,
653 2559 700 2593 ut
723 2549 848 2605 falsa,
873 2567 959 2593 non
985 2549 1070 2593 alio
1094 2561 1348 2610 argumento
1374 2549 1614 2603 refellebat,
1640 2564 1768 2608 quam

408 2627 523 2684 quod
547 2629 674 2671 etiam
701 2629 866 2672 inscitia
894 2629 971 2671 sibi
1000 2638 1120 2672 tanto
1142 2646 1271 2688 opere
1295 2629 1524 2673 elaboratae
1547 2627 1770 2688 perfecta:-
