1971 3342
434 265 476 300 23
966 259 1003 292 C.
1034 259 1261 294 SUETONII

430 342 491 385 set
521 359 529 384 ε
559 358 643 401 qua
669 341 917 385 conditione
944 351 1097 400 quarta
1127 358 1225 402 pars
1253 341 1340 384 fere
1367 340 1518 385 crediti
1545 341 1783 401 deperibat.

429 424 598 465 Cuncta
620 420 799 481 collegia
815 455 825 475 ,
850 429 1005 479 praeter
1030 421 1268 480 antiquitus
1292 421 1546 478 constituta,
1575 421 1784 465 distraxit.

427 502 579 543 Poenas
602 500 844 544 facinorum
870 501 989 543 auxit
1018 519 1027 543 ;
1053 511 1095 544 et
1117 517 1253 560 quum
1281 499 1514 559 locupletes
1545 518 1595 544 eo
1620 499 1785 545 facilius

429 578 586 623 scelere
613 596 657 623 se
683 579 948 640 obligarent,
974 581 1091 640 quod
1116 583 1295 641 integris
1326 582 1597 640 patrimoniis
1625 580 1788 625 exsula-

431 658 560 713 bant,
588 657 844 719 parricidas,
874 669 921 702 ut
939 660 1093 702 Cicero
1125 660 1301 713 scribit,
1328 660 1452 702 bonis
1475 661 1698 715 omnibus,
1728 678 1790 705 re·

428 735 569 796 liquos
597 737 774 780 dimidia
801 748 923 797 parte
947 738 1162 782 multavit.

491 819 650 860 XLIII.
678 820 753 860 Jus
787 817 1119 861 laboriosissime
1143 835 1193 862 ac
1223 817 1487 865 severissime
1510 820 1630 862 dixit.
1655 823 1790 879 Repe-

425 896 662 940 tundarum
688 900 910 942 convictos
935 899 1063 941 etiam
1095 899 1246 942 ordine
1282 901 1499 944 senatorio
1530 900 1677 942 movit.
1704 900 1787 943 Di-

426 979 553 1020 remit
591 979 761 1037 nuptias
804 979 991 1037 praetorii
1033 980 1137 1033 viri,
1178 980 1250 1038 qui
1290 979 1524 1038 digressam
1566 995 1589 1020 a
1630 979 1788 1021 marito

426 1067 521 1115 post
550 1058 731 1100 biduum
769 1059 912 1100 statim
945 1042 1153 1113 dui-terat,
1189 1059 1385 1117 quamvis
1419 1060 1509 1100 sine
1546 1058 1695 1117 probri
1726 1074 1788 1100 su-

426 1138 628 1195 spicione.
646 1139 978 1197 Peregrinarum
1005 1140 1211 1180 mercium
1239 1139 1430 1197 portoria
1457 1138 1655 1180 instituit.
1679 1139 1787 1180 Lec-

427 1218 608 1260 ticarum
646 1233 796 1270 usum,
833 1218 933 1259 item
973 1216 1251 1275 conchyliatae
1282 1218 1435 1271 vestis,
1468 1226 1511 1259 et
1540 1216 1788 1276 margarita-

427 1312 543 1351 rum,
562 1296 643 1339 nisi
664 1296 791 1339 certis
816 1297 1010 1354 personis
1032 1305 1072 1338 et
1092 1296 1289 1338 aetatibus
1305 1329 1315 1349 ,
1336 1312 1499 1354 perque
1514 1304 1653 1338 certos
1670 1294 1758 1337 dies
1776 1328 1787 1349 ,

425 1374 597 1417 ademit.
615 1377 774 1433 Legem
797 1376 1011 1433 praecipue
1035 1376 1348 1433 sumptuariam
1371 1375 1563 1417 exercuit
1582 1391 1590 1416 z
1613 1374 1787 1434 disposi-

425 1455 479 1497 tis
504 1455 617 1497 circa
645 1453 873 1498 macellum
902 1454 1178 1509 custodibus,
1205 1454 1276 1513 qui
1305 1456 1485 1514 opsonia
1509 1465 1659 1497 contra
1685 1455 1786 1497 veti-

426 1543 518 1575 tum
553 1535 812 1588 retinerent,
850 1533 1215 1593 deportarentque
1244 1534 1297 1598 ad
1326 1550 1394 1588 se,
1421 1534 1656 1576 summissis
1683 1550 1786 1576 non-

426 1629 650 1671 nunquam
681 1611 905 1655 lictoribus
933 1622 1061 1672 atque
1090 1612 1298 1655 militibus
1317 1648 1327 1664 ,
1356 1614 1455 1671 qui,
1482 1614 1515 1655 si
1538 1629 1623 1671 qua
1648 1621 1788 1655 custo-

425 1690 498 1734 des
523 1690 796 1747 fefellissent,
817 1692 907 1751 jam
930 1693 1128 1752 apposita
1154 1710 1176 1734 e
1201 1691 1392 1735 triclinio
1417 1692 1649 1735 auferrent.

487 1772 646 1815 XLIV.
690 1774 784 1814 Jam
823 1772 875 1814 de
909 1771 1102 1814 ornanda
1145 1771 1481 1830 instruendaque
1518 1771 1646 1827 urbe,
1680 1772 1784 1815 item

427 1849 478 1891 de
513 1849 676 1893 tuendo
709 1849 1044 1910 ampliandoque
1078 1851 1282 1910 imperio,
1311 1849 1433 1910 plura
1464 1867 1512 1894 ac
1542 1851 1705 1911 majora
1741 1852 1784 1893 in

426 1927 516 1972 dies
555 1929 797 1972 destinabat
826 1949 833 1971 :
866 1931 907 1972 in
945 1930 1095 1989 primis
1118 1931 1273 1973 Martis
1307 1929 1515 1989 templum
1534 1964 1544 1984 ,
1575 1939 1784 1988 quantum

426 2024 638 2067 nusquam
661 2018 796 2064 esset,
823 2018 1043 2051 exstruere
1060 2042 1071 2063 ,
1099 2007 1264 2067 repleto
1293 2018 1336 2050 et
1365 2007 1640 2067 complanato
1669 2007 1785 2062 lacu,

425 2087 468 2128 in
493 2103 580 2145 quo
617 2088 881 2130 naumachiae
915 2086 1207 2146 spectaculum
1240 2086 1448 2141 ediderat,
1479 2086 1785 2144 theatrumque

425 2180 603 2208 summae
629 2165 940 2226 magnitudinis
965 2166 1151 2225 Tarpeio
1181 2167 1318 2208 monti
1347 2166 1561 2208 accubans
1592 2182 1600 2207 ε
1630 2165 1697 2226 jus
1727 2165 1785 2206 ci-

427 2242 508 2285 vile
532 2243 584 2286 ad
613 2254 777 2287 certum
802 2244 980 2288 modum
1006 2244 1199 2304 redigere
1216 2280 1227 2299 ,
1253 2254 1382 2303 atque
1404 2261 1455 2287 ex
1478 2244 1686 2287 immensa
1710 2243 1787 2286 dif-

426 2322 604 2381 fusaque
633 2322 776 2384 legum
805 2325 953 2384 copia,
983 2325 1147 2384 optima
1176 2340 1357 2383 quaeque
1392 2333 1432 2366 ct
1468 2323 1705 2366 necessaria
1740 2323 1783 2363 in

426 2402 706 2460 paucissimos
735 2403 929 2446 conferre
958 2403 1089 2446 libros
1119 2420 1126 2445 :
1156 2402 1439 2445 bibliothecas
1466 2417 1623 2462 graecas
1652 2411 1693 2444 et
1723 2400 1783 2442 la-

425 2481 557 2536 tinas,
582 2498 687 2541 quas
708 2483 913 2525 maximas
937 2492 1104 2542 posset,
1123 2479 1365 2541 publicare,
1390 2481 1487 2525 data
1502 2483 1562 2525 M.
1591 2480 1780 2523 Varroni

426 2575 529 2602 cura
555 2562 943 2620 comparandarum
975 2578 1022 2603 ac
1049 2560 1381 2620 digerendarum
1410 2578 1417 2603 :
1445 2562 1602 2603 siccare
1632 2561 1784 2618 Pomp-

427 2638 536 2679 tinas
563 2637 738 2696 paludes
764 2658 771 2682 :
800 2634 995 2682 emittere
1026 2641 1235 2681 Fucinum
1267 2638 1403 2681 lacum
1439 2657 1446 2680 :
1476 2640 1586 2680 viam
1613 2639 1783 2680 munire
