1988 3439
600 251 847 287 mmivn‘s
872 254 1139 290 AUGUSTUS.
1486 268 1553 303 113

173 329 355 390 exegita
377 331 581 393 singulis,
607 349 691 376 non
715 333 800 378 alio
824 335 968 381 datam
999 356 1215 384 summam
1245 359 1375 402 quam
1403 347 1444 390 in
1473 366 1561 392 em-

174 408 336 453 tionem
374 410 772 458 Alexandrinarum
810 419 1020 463 mercium
1059 421 1349 468 absumturos
1389 429 1472 472 Sed
1521 444 1562 474 et

152 499 340 547 ,ceteros
366 493 599 537 continuos
625 493 717 539 dies
744 497 860 542 inter
888 501 1007 545 varia
1033 503 1318 561 munuscula,
1346 517 1468 570 togas
1497 513 1559 554 in-

171 586 302 631 super
334 588 383 616 ac
415 571 548 634 pallia
585 574 836 635 distribuit,
875 579 968 642 lege
1002 587 1253 646 proposita,
1292 598 1340 631 ut
1372 592 1561 636 Romani

171 653 351 710 Graeco,
389 655 532 699 Graeci
569 657 772 702 Romano
811 660 961 706 habitu
1002 673 1045 708 et
1080 682 1281 713 sermone
1315 678 1558 716 uterentur.

169 733 392 794 Spectavit
420 735 594 780 assidue
617 747 659 781 et
685 752 934 786 exercentes
960 745 1170 806 ephebos,
1197 766 1385 810 quorum
1417 751 1561 813 aliqua

168 812 313 859 adhuc
351 817 477 877 copia
517 834 568 862 ex
607 829 755 865 vetere
792 823 996 869 instituto
1035 828 1215 889 Capreis
1254 842 1358 876 erat.
1400 834 1560 879 Iisdem

167 896 297 939 etiam
317 896 497 958 epulum
520 900 564 943 in
586 912 824 963 conspectu
846 922 925 949 suo
946 908 1154 968 praebuit,
1175 913 1406 972 permissa,
1429 917 1561 961 immo

167 986 337 1035 exacta,
351 978 530 1039 jocandi
549 978 747 1039 licentia,
769 984 1093 1049 diripiendique
1111 1008 1347 1052 pomorum
1368 1006 1410 1040 et
1431 998 1559 1042 obso-

168 1057 346 1102 niorum
368 1076 603 1123 rerumque
625 1063 869 1110 missilium.
895 1068 1032 1114 Nullo
1058 1070 1248 1134 denique
1270 1092 1428 1136 genere
1454 1078 1562 1122 hila-

166 1138 306 1183 ritatis
336 1140 561 1186 abstinuit.
591 1144 794 1189 Vicinam
827 1149 1007 1209 Capreis
1039 1151 1227 1198 insulam
1256 1154 1561 1214 'AffpxySs—mm

166 1218 440 1280 appellabat,
470 1239 495 1266 a
525 1223 690 1269 desidia
716 1227 1013 1274 secedentium
1043 1232 1147 1278 illuc
1179 1252 1202 1279 e
1229 1239 1435 1283 comitatu
1466 1258 1558 1285 suo.

170 1300 255 1344 Sed
282 1318 335 1346 ex
360 1301 531 1348 dilectis
559 1321 724 1363 unum,
751 1310 994 1371 Masgaban
1023 1317 1224 1371 nomine,
1253 1321 1378 1378 quasi
1406 1322 1558 1366 condi-

169 1390 307 1426 torem
343 1383 521 1442 insulae,
555 1385 745 1444 Κτιστῆν
781 1406 938 1435 vocare
974 1407 1241 1441 consuerat:
1269 1400 1400 1460 liujus
1437 1404 1557 1447 Mas-

165 1462 311 1523 gabae,
337 1473 439 1508 ante
463 1482 630 1511 annum
656 1467 875 1527 defuncti,
904 1473 1123 1519 tumulum
1152 1494 1289 1538 quum
1316 1497 1339 1524 e
1369 1481 1558 1527 triclinio

163 1543 545 1591 animadvertisset
577 1565 736 1611 magna
771 1552 900 1596 turba
932 1553 1169 1618 multisque
1201 1558 1441 1606 luminibus
1475 1563 1557 1607 fre-

165 1627 392 1686 quentari,
418 1644 593 1673 versum
621 1633 915 1693 compositum
943 1652 965 1680 e
993 1646 1189 1700 tempore
1217 1641 1332 1686 clare
1357 1661 1556 1705 pronun-

163 1706 294 1751 ciavit
321 1724 331 1751 ε

344 1812 520 1853 Κτιστοῦ
544 1815 591 1855 δὲ
612 1817 758 1862 τύμβον
779 1820 904 1868 elo-cpe]
926 1824 1167 1872 πυρούμενεν·

161 1922 489 1970 conversusque
520 1910 575 1954 ad
605 1913 912 1975 Thrasyllum,
944 1919 1106 1965 Tiberii
1141 1925 1371 1983 comitem,
1403 1938 1555 1973 contra

161 1987 477 2047 accubantem,
517 2001 560 2036 et
600 1993 803 2055 ignarum
843 1999 930 2055 rei,
971 2000 1286 2063 interrogavit,
1326 2009 1552 2067 cujusnam

162 2078 300 2129 poetae
321 2080 500 2130 putaret
521 2088 625 2118 esse.
650 2075 754 2133 Quo
778 2076 1026 2135 haesitante,
1052 2083 1235 2143 subjecit
1257 2084 1390 2130 alium
1415 2106 1424 2134 :

344 2177 460 2230 Ὁρᾷς
480 2184 621 2229 ξιφέεσσι
643 2189 761 2239 Illam-7
772 2188 873 2231 οὲξαν
892 2192 1122 2238 ‘studueram

161 2295 211 2323 ac
238 2278 292 2323 de
319 2280 402 2324 hoc
429 2299 606 2343 quoque
631 2287 865 2333 consuluit.
898 2294 1051 2350 Quum
1082 2295 1152 2340 ille
1179 2299 1286 2342 nihil
1316 2299 1433 2345 aliut]
1466 2321 1552 2348 res-

161 2360 400 2421 ponderet,
443 2380 602 2424 quam,
644 2368 946 2431 cujuscunque
987 2387 1154 2433 essent,
1200 2383 1390 2440 optimos
1432 2402 1550 2440 esso,

160 2441 424 2486 cachinnum
466 2444 670 2504 sustulit,
711 2459 842 2510 atque
883 2452 925 2495 in
963 2454 1086 2513 jocos
1125 2457 1288 2503 effusus
1327 2473 1402 2506 est.
1445 2466 1550 2508 Mox

161 2523 394 2584 Neapolim
422 2526 612 2586 trajecit,
637 2545 902 2591 quamquam
931 2537 1060 2579 ctiam
1090 2547 1182 2581 tum
1214 2540 1391 2585 insin-nn>
1422 2545 1551 2587 inivs-

161 2602 263 2646 tinis
288 2604 442 2648 morbo
471 2607 666 2652 variante
697 2628 705 2653 :
735 2620 879 2656 tamen
907 2624 947 2657 et
975 2617 1305 2677 quinquennale
1331 2634 1546 2668 certamen

161 2684 436 2743 gymnicum,
460 2687 617 2732 honori
641 2705 720 2734 suo
746 2693 1018 2749 institutum,
1044 2702 1358 2760 perspectzu'it3
1383 2714 1423 2747 et
1447 2723 1545 2749 cum

354 2781 379 2808 1.
1300 2782 1326 2826 8
