1988 3439
691 267 950 302 CALIGULA.
1435 287 1447 310 1
1459 289 1499 321 71

137 367 347 412 numque,
376 352 410 395 si
440 367 526 412 qua
563 349 734 395 residua
763 368 814 394 ex
849 351 994 412 priore
1030 361 1225 414 tempore
1253 358 1534 415 lnanebant‚·

135 433 332 476 omnium
371 432 554 494 gratiam
591 430 703 475 fecit.
740 432 1115 489 Commentarios,
1153 433 1208 478 ad
1241 439 1389 482 matris
1421 439 1506 483 fra-

136 522 339 574 trumque
360 528 538 556 suorum
565 527 714 555 causas
737 513 1026 573 pertinentes,
1051 530 1107 558 ne
1132 515 1202 559 cui
1227 518 1506 576 postmodum

135 592 318 637 delatori
357 602 432 637 aut
471 592 567 636 testi
601 601 799 636 maneret
836 591 951 637 ullus
987 603 1156 653 metus,
1194 608 1426 642 convectos
1462 600 1506 643 in

136 672 309 727 forum,
338 683 380 717 et
414 682 514 717 ante
551 670 666 716 clare
701 672 941 718 obtestatus
982 674 1084 720 deos
1104 711 1115 733 ‚
1155 693 1296 737 neque
1330 676 1507 740 legisse,

135 770 278 814 neque
301 753 492 814 attigisse
516 754 773 814 quicquam,
792 756 1101 800 concremavit.
1121 755 1341 801 Libellum
1366 758 1419 803 de
1442 776 1508 803 sa-

134 833 224 878 lute
250 850 325 878 sua
353 832 551 878 oblatum
587 851 676 878 non
706 836 898 896 recepit,
926 836 1219 895 contendens,
1248 838 1400 883 «nihil
1428 840 1507 883 sibi

133 913 395 971 admissum,
422 931 501 958 cur
524 915 728 975 cuiquam
752 915 916 960 invisus
945 926 1054 961 esset
1078 934 1088 961 :
1108 937 1128 959 >2
1154 920 1438 980 negavitque,
1464 936 1509 964 se

133 992 400 1038 delatoribus
426 1011 551 1039 aures
578 996 749 1040 habere.

197 1076 316 1119 XVI.
351 1076 568 1136 Spintrias
604 1087 949 1122 monstrosarum
984 1077 1245 1138 libidinum,
1278 1098 1418 1143 aegre,
1455 1100 1509 1127 ne

134 1154 353 1214 profundo
381 1167 624 1218 mergeret,
649 1169 872 1215 exoratus,
895 1160 1015 1204 Urbe
1039 1163 1287 1206 summovit.
1312 1165 1397 1206 Titi
1423 1165 1508 1208 La-

134 1234 279 1290 bieni,
312 1235 446 1280 Cordi
476 1239 716 1295 Cremutii,
746 1240 885 1282 Cassii
915 1241 1061 1284 Severi
1089 1243 1276 1303 scripta,
1310 1254 1507 1288 senatus·

135 1314 347 1360 consultis
368 1315 551 1373 abolita,
570 1319 754 1378 requiri,
775 1329 817 1362 et
837 1336 928 1364 esse
951 1322 995 1364 in
1017 1323 1217 1367 manibus
1238 1322 1510 1385 lectitarique

137 1396 357 1456 permisit:
377 1398 552 1457 quando
572 1400 758 1443 maxime
777 1417 854 1444 sua
873 1402 1119 1458 interesset,
1137 1413 1184 1447 ut
1200 1404 1314 1448 facta
1328 1423 1510 1466 quaeque

134 1477 320 1537 posteris
347 1477 591 1522 tradantur.
619 1480 827 1524 Rationes
863 1482 1064 1542 imperii,
1094 1483 1147 1527 ab
1176 1487 1378 1546 Augusto
1411 1503 1512 1547 pro-

132 1557 239 1617 poni
268 1556 441 1614 solitas,
467 1558 541 1602 sed
566 1575 590 1603 a
614 1559 790 1604 Tiberio
820 1561 1113 1620 intermissas,
1138 1564 1390 1624 publicavit.
1417 1568 1512 1610 Ma-

134 1637 390 1697 gistratibus
416 1637 598 1683 liberam
626 1640 977 1701 jurisdictionem
994 1678 1005 1698 ,
1037 1653 1081 1687 et
1107 1644 1200 1688 sine
1227 1645 1293 1689 sui
1321 1645 1513 1707 appella-

135 1717 284 1772 tione,
323 1720 549 1763 concessit.
587 1722 769 1781 Equites
807 1739 1012 1767 romanos
1047 1740 1192 1769 severe
1227 1727 1511 1787 curioseque,

136 1813 216 1841 nec
239 1799 331 1842 sine
355 1799 677 1858 moderatione,
701 1805 956 1864 recognovit
976 1821 985 1847 ε
1011 1803 1156 1865 palam
1177 1806 1350 1851 ademto
1374 1824 1511 1868 equo,

134 1878 293 1938 quibus
314 1889 388 1923 aut
407 1881 555 1941 probri
574 1881 739 1943 aliquid
759 1893 834 1927 aut
856 1885 1107 1945 ignominiae
1130 1887 1315 1931 inesset:
1336 1904 1511 1941 eorum,

133 1959 209 2018 qui
232 1959 403 2003 minore
423 1960 549 2022 culpa
573 1972 842 2019 tenerentur,
862 1966 1114 2010 nominibus
1137 1967 1268 2011 modo
1292 1968 1335 2011 in
1356 1970 1512 2013 recita-

137 2039 255 2083 tione
287 2042 532 2101 praeteritis.
568 2044 629 2087 Ut
655 2043 789 2088 levior
817 2044 941 2089 labor
962 2047 1259 2107 judicantibus
1288 2048 1427 2103 foret,
1457 2049 1511 2093 ad

135 2129 325 2179 quatuor
351 2123 516 2182 priores
541 2125 738 2185 quintam
765 2125 987 2170 decuriam
1012 2127 1193 2172 addidit.
1219 2130 1424 2174 Tentavit
1448 2140 1512 2186 et,

135 2201 415 2245 comitiorum
451 2220 571 2248 more
605 2217 838 2263 revocato,
875 2208 1083 2270 suffragia
1118 2210 1283 2271 populo
1317 2210 1510 2255 reddere.

136 2281 299 2341 Legata
320 2298 372 2325 ex
398 2291 653 2328 testamento
673 2287 854 2344 Tiberii,
876 2305 1143 2350 quamquam
1168 2291 1353 2349 abolito,
1376 2291 1448 2336 sed
1471 2302 1512 2336 et

134 2359 258 2403 Juliae
285 2364 513 2423 Augustae,
540 2365 657 2425 quod
685 2366 885 2411 Tiberius
914 2381 1242 2429 suppresserat,
1272 2389 1370 2416 cum
1403 2371 1511 2427 fide,

133 2455 183 2484 ac
207 2441 299 2484 sine
332 2440 551 2487 calumnia
577 2456 882 2506 repraesentata
908 2448 1130 2508 persolvit.
1155 2452 1509 2495 Ducentesimam

133 2523 385 2566 auctionum
429 2523 562 2569 ltaliae
601 2527 780 2571 remisit.
821 2528 975 2572 Multis
1012 2530 1312 2575 incendiorum
1352 2532 1510 2575 damna

134 2600 354 2663 supplevit
379 2620 388 2647 :
419 2620 470 2648 ac
497 2606 531 2648 si
568 2607 726 2666 quibus
756 2625 890 2671 regna
917 2611 1133 2666 restituit,
1160 2611 1319 2672 adjecit
1347 2622 1388 2655 et
1420 2611 1510 2655 sru-

136 2692 253 2726 ctum
272 2700 443 2729 omnem
463 2687 868 2748 vectigaliorun1,ct
893 2691 1112 2736 redituum
1137 2692 1264 2736 medii
1288 2693 1508 2754 temporis,
