1971 3342
462 250 531 297 176
993 255 1030 288 c,
1060 255 1289 289 SUEToNn

461 334 698 392 invitatus,
737 351 865 396 super
904 336 1110 396 templum
1150 337 1251 381 Divi
1289 336 1472 396 Augusti
1509 344 1641 395 ponte
1677 344 1816 379 trans-

458 415 590 458 misso
610 449 621 471 ,
652 413 865 460 Palatium
908 405 1257 475 Capitoliumque
1292 414 1528 474 conjunxit.
1563 416 1697 470 Mox,
1730 431 1817 475 quo

458 494 637 555 propior
668 504 803 551 esset,
833 495 877 538 in
908 511 1007 538 area
1048 495 1287 556 capitolina
1322 511 1443 538 novae
1478 493 1634 538 domus
1662 494 1817 538 funda-

457 584 601 618 menta
624 575 740 634 jecit.

518 656 684 698 XXIII.
712 655 914 715 Agrippae
936 671 980 698 se
1006 665 1210 714 nepotem
1234 670 1374 715 neque
1400 653 1541 711 credi,
1569 670 1711 714 neque
1734 654 1818 697 dici

456 733 511 777 ob
547 733 860 794 ignobilitatem
893 735 983 794 ejus
1017 733 1189 777 volebat
1215 751 1224 777 :
1255 733 1625 794 succensebatque
1644 767 1655 789 ,
1683 733 1717 776 si
1744 734 1818 793 qui

454 812 520 857 vel
556 814 783 867 oratione,
816 811 882 857 vel
914 814 1136 868 camnine,
1167 814 1428 874 imaginibus
1465 830 1564 857 eum
1598 815 1815 857 Caesarum

454 893 705 936 insererent.
726 892 995 937 Praedicabat
1018 902 1184 948 autem,
1208 904 1389 937 matrem
1414 909 1536 936 suam
1556 909 1607 935 ex
1631 893 1816 948 incesto,

454 971 571 1032 quod
596 973 819 1033 Augustus
849 989 946 1016 cum
976 971 1089 1016 Julia
1118 972 1206 1016 filia
1233 973 1499 1029 admisisset,
1527 982 1815 1033 procreatam.

453 1054 516 1096 Ac
552 1069 640 1095 non
678 1061 908 1095 contentus
945 1050 1026 1094 hac
1061 1053 1247 1112 Augusti
1292 1052 1602 1106 insectatione,
1637 1052 1818 1095 actiacas

452 1129 697 1190 siculasque
733 1131 969 1186 victorias,
1008 1139 1057 1173 ut
1094 1130 1283 1174 funestas
1327 1129 1491 1190 populo
1534 1147 1742 1187 romano,
1777 1141 1819 1174 et,

451 1208 750 1267 calamitosas,
777 1210 914 1253 vetuit
947 1208 1216 1253 sollemnibus
1242 1208 1360 1253 feriis
1394 1207 1618 1252 celebrari.
1644 1210 1815 1252 Liviam

449 1290 691 1350 Augustam
728 1289 980 1350 proaviam,
1013 1289 1199 1349 Ulyxem
1232 1288 1439 1332 stolatam
1473 1287 1706 1332 identidem
1741 1304 1817 1349 ap-

449 1367 635 1428 pellans,
658 1370 789 1412 etiam
812 1367 1097 1429 ignobilitatis
1119 1368 1306 1427 quadam
1331 1368 1386 1411 ad
1406 1378 1605 1411 senatum
1634 1366 1816 1428 epistola

449 1465 630 1509 arguere
658 1465 785 1492 ausus
826 1458 915 1504 est,
948 1449 1069 1508 quasi
1109 1458 1306 1491 materno
1340 1464 1422 1491 avo
1451 1447 1683 1492 decurione
1716 1448 1817 1491 fun-

450 1527 565 1571 dano
598 1538 768 1584 ortam3
804 1544 938 1588 quum
977 1527 1161 1587 publicis
1195 1528 1488 1571 monumentis
1528 1537 1695 1571 certum
1732 1528 1817 1580 sit,

449 1607 673 1651 Aufidium
707 1610 955 1652 Lurconem
989 1610 1140 1651 Romae
1175 1607 1412 1651 honoribus
1448 1606 1658 1651 functum.
1695 1608 1815 1651 Aviae

449 1688 651 1730 Antoniae
676 1697 890 1731 secretum
919 1688 1083 1748 petenti
1114 1687 1367 1748 denegavit,
1399 1687 1480 1730 nisi
1505 1696 1553 1730 ut
1580 1687 1816 1730 interveni-

448 1777 516 1810 ret
541 1768 694 1811 Macro
721 1766 964 1827 praefectus.
999 1769 1063 1811 Ac
1090 1783 1166 1828 per
1193 1766 1437 1810 istiusmodi
1465 1765 1744 1827 indignitates
1774 1776 1818 1810 et

450 1846 576 1890 taedia
600 1863 729 1890 causa
751 1846 912 1891 exstitit
936 1847 1112 1902 mortis;
1136 1845 1237 1890 dato
1260 1856 1432 1902 tamen,
1460 1855 1506 1890 ut
1530 1846 1707 1906 quidam
1734 1862 1815 1906 pu-

448 1937 569 1981 tant,
595 1938 637 1971 et
662 1944 841 1972 veneno.
865 1929 960 1972 Nec
988 1927 1201 1971 defunctae
1227 1926 1366 1970 ullum
1396 1927 1606 1970 honorem
1634 1927 1814 1982 habuit;

448 2008 758 2068 prospexitque
778 2023 801 2050 e
821 2006 1010 2050 triclinio
1034 2006 1258 2049 ardentem
1283 2022 1454 2066 rogum.
1478 2008 1672 2050 Fratrem
1689 2006 1816 2050 Tibe-

448 2087 562 2129 rium
591 2087 890 2146 inopinantem
908 2120 920 2140 ,
950 2095 1129 2145 repente
1158 2085 1348 2128 immisso
1384 2085 1562 2128 tribuno
1592 2083 1781 2128 militum
1801 2119 1813 2142 ,

448 2166 680 2209 interemit.
699 2164 894 2208 Silanum
919 2165 1021 2208 item
1040 2181 1236 2208 socerum
1252 2164 1306 2207 ad
1329 2181 1501 2220 necem,
1521 2166 1815 2228 secandasque

447 2244 658 2288 novacula
685 2244 831 2288 fauces
847 2279 858 2301 ,
883 2243 1096 2304 compulit
1117 2261 1126 2287 :
1150 2254 1352 2288 causatus
1379 2246 1423 2288 in
1453 2255 1666 2306 utroque,
1696 2246 1813 2307 quod

446 2324 516 2367 hic
546 2325 787 2385 ingressum
813 2341 856 2367 se
886 2325 1104 2368 turbatius
1133 2341 1250 2368 mare
1280 2342 1369 2368 non
1395 2335 1504 2369 esset
1528 2336 1702 2370 secutus
1720 2361 1731 2383 ,
1765 2342 1815 2370 ac

446 2420 521 2463 spe
539 2404 780 2464 occupandi
802 2403 989 2459 Urbem,
1013 2404 1045 2447 si
1071 2403 1176 2462 quid
1200 2404 1283 2447 sibi
1305 2421 1384 2464 per
1406 2414 1682 2466 tempestates
1704 2406 1813 2449 acci-

447 2484 589 2541 deret,
619 2485 921 2540 re1nansisset3
948 2482 1019 2527 illc
1046 2484 1292 2527 antidotum
1321 2484 1584 2542 oboluisset,
1614 2484 1735 2545 quasi
1761 2484 1814 2528 ad

448 2565 730 2624 praecavenda
760 2581 925 2608 venena
951 2581 1028 2608 sua
1052 2574 1241 2607 sumtum
1266 2581 1275 2607 :
1302 2581 1437 2624 quum
1467 2575 1508 2609 ct
1535 2564 1704 2608 Silanus
1734 2565 1814 2608 im-

448 2643 699 2702 patientiam
733 2640 901 2689 nau'scm
930 2644 1104 2687 vitasset
1134 2654 1176 2686 ct
1205 2643 1446 2687 molestiam
1478 2643 1739 2704 navigandi,
1770 2654 1813 2688 et
