1971 3342
381 264 452 300 236
920 263 959 298 C.
990 263 1217 299 SUETONII

380 349 565 392 Notatus
598 347 653 390 ob
688 347 777 389 haec
810 355 852 388 ct
885 347 1043 389 sororis
1075 346 1196 406 joco,
1232 346 1511 405 querentibus
1558 347 1741 392 dominis

381 428 644 481 factionum,
694 445 715 467 (ι
738 425 1086 486 repraesentanda
1133 427 1308 486 praemia
1360 427 1402 469 in
1452 437 1673 487 posterum
1690 463 1701 485 ,
1723 450 1742 469 n

381 507 533 550 sanxit.
562 507 803 566 Majestatis
837 521 1033 565 quoque,
1063 515 1105 548 et
1136 505 1476 563 adulteriorum,
1505 507 1743 567 incestique

380 604 479 630 cum
504 603 652 630 sorore
676 585 862 645 Lepida,
880 585 959 628 sub
984 602 1156 629 excessu
1181 586 1341 629 Tiberii
1362 603 1458 630 reus
1473 621 1485 643 ‚
1505 588 1745 631 mutatione

380 678 624 728 temporum
651 666 806 722 evasit;
833 665 1099 725 decessitque
1118 667 1270 727 Pyrgis
1292 667 1447 712 morbo
1472 684 1593 727 aquae
1620 668 1745 711 inter-

379 748 509 804 cutis,
542 745 713 790 sublato
754 744 843 788 filio
876 747 1053 790 Nerone
1087 762 1138 789 ex
1181 747 1444 807 Agrippina,
1483 748 1744 791 Germanico

379 827 537 888 genita.

443 909 518 951 VI.
547 909 666 952 Nero
688 917 816 952 natus
838 918 903 952 est
923 908 1039 953 Antii
1066 917 1162 968 post
1183 924 1346 951 nonum
1373 924 1587 962 mensem,
1613 924 1743 967 quam

378 987 575 1031 Tiberius
619 989 826 1045 excessit,
867 987 1216 1031 duodevicesimo
1256 987 1458 1031 kalendas
1498 988 1745 1046 januarias,

383 1077 551 1111 tantum
569 1067 687 1127 quod
713 1068 933 1111 exoriente
952 1067 1040 1111 sole
1055 1102 1066 1123 ,
1084 1084 1204 1128 paene
1231 1077 1278 1110 ut
1294 1066 1424 1109 radiis
1444 1067 1587 1125 prius,
1613 1083 1742 1126 quam

380 1157 520 1202 terra,
549 1148 886 1207 contingeretur.
914 1149 979 1190 De
1015 1149 1215 1208 genitura
1244 1147 1336 1206 ejus
1367 1146 1512 1189 statim
1540 1145 1675 1188 multa
1705 1156 1747 1189 et

380 1225 659 1270 formidolosa
692 1226 841 1270 multis
875 1227 1243 1287 conjectantibus,
1270 1227 1476 1287 praesagio
1513 1226 1592 1270 fuit
1618 1227 1747 1269 etiam

380 1307 563 1349 Domitii
594 1308 728 1368 patris
762 1323 872 1363 vox,
910 1308 1024 1351 inter
1055 1307 1364 1368 gratulationes
1397 1307 1635 1349 amicorum
1673 1322 1746 1349 ne-

379 1387 544 1446 gantis,
571 1387 802 1447 quicquam
820 1404 870 1430 ex
896 1404 940 1430 se
965 1397 1006 1431 et
1032 1388 1301 1447 Agrippina,
1327 1387 1408 1429 nisi
1435 1385 1684 1429 detestabile
1705 1396 1746 1430 et

381 1465 494 1510 malo
521 1465 717 1526 publico,
744 1468 860 1510 nasci
885 1467 1089 1527 potuisse.
1112 1465 1317 1526 Ejusdem
1341 1466 1496 1508 futurae
1524 1465 1747 1509 infelicita-

382 1546 436 1589 tis
462 1546 633 1606 signum
659 1546 834 1589 evidens
861 1546 929 1589 die
953 1545 1130 1589 lustrico
1155 1546 1315 1588 exstitit
1342 1563 1351 1588 2
1382 1562 1481 1588 nam
1510 1547 1558 1589 C.
1589 1547 1745 1596 Caesar,

379 1636 560 1686 rogante
590 1642 758 1682 sorore,
785 1635 833 1669 ut
858 1625 1038 1681 infanti,
1065 1625 1183 1685 quod
1217 1623 1370 1681 vellet,
1406 1641 1562 1668 nomen
1595 1624 1747 1680 daret,

380 1707 554 1748 intuens
582 1704 814 1750 Claudium
841 1716 1046 1767 patruum
1073 1722 1226 1762 suum,
1252 1722 1275 1747 a
1299 1721 1386 1764 quo
1416 1721 1515 1747 mox
1552 1705 1747 1765 principe

378 1787 496 1830 Nero
524 1786 754 1846 adoptatus
778 1796 868 1843 est,
897 1787 989 1846 ejus
1016 1803 1060 1829 se
1089 1786 1195 1830 dixit
1223 1785 1325 1828 dare
1354 1803 1363 1830 :
1394 1802 1534 1846 neque
1568 1788 1658 1848 ipse
1684 1804 1748 1831 se-

380 1867 473 1922 rio,
511 1865 584 1909 sed
622 1882 697 1925 per
729 1867 899 1926 jocum,
940 1876 982 1909 et
1017 1876 1275 1927 aspernante
1320 1867 1592 1927 Agrippina,
1630 1867 1746 1926 quod

379 1956 472 1989 tum
489 1945 697 1990 Claudius
720 1947 831 1990 inter
855 1945 1043 1989 ludibria
1066 1945 1174 1989 aulae
1201 1957 1306 1989 erat.
1333 1945 1555 1989 Trimulus
1581 1956 1745 2007 patrem

377 2026 522 2069 amisit
542 2043 551 2069 :
571 2027 695 2086 cujus
720 2042 769 2069 ex
796 2036 919 2086 parte
945 2027 1069 2068 tertia
1094 2027 1239 2081 heres,
1266 2042 1319 2068 ne
1347 2026 1459 2068 hanc
1481 2025 1657 2085 quidem
1682 2026 1747 2067 in-

379 2116 543 2166 tegram
571 2107 712 2166 cepit,
737 2106 948 2164 correptis
974 2122 1052 2165 per
1075 2105 1330 2148 coheredem
1358 2106 1511 2149 Caium
1538 2106 1748 2148 universis

379 2185 503 2228 bonis
530 2201 539 2227 :
567 2194 610 2227 et
631 2185 812 2228 subinde
838 2194 974 2227 matre
996 2185 1125 2228 etiam
1148 2183 1362 2245 relegata,
1389 2201 1509 2244 paene
1534 2186 1658 2245 inops
1684 2195 1749 2228 at-

378 2281 461 2324 que
505 2280 659 2325 egens,
699 2265 814 2326 apud
860 2266 1037 2308 amitam
1074 2266 1283 2325 Lepidam
1323 2266 1513 2309 nutritus
1545 2275 1634 2321 est,
1670 2265 1748 2307 sub

379 2344 550 2388 (luobus
570 2344 816 2406 paedagogis
829 2381 839 2399 ‚
862 2344 1064 2389 saltatore
1083 2355 1212 2405 atque
1232 2355 1418 2388 tonsore.
1438 2347 1600 2389 Verum
1622 2343 1748 2388 Clau-

379 2424 450 2467 ‹lio
480 2424 712 2485 imperium
738 2425 919 2485 adepto,
946 2442 1033 2469 non
1060 2424 1199 2468 solum
1220 2435 1422 2486 paternas
1447 2440 1549 2484 opes
1573 2440 1749 2482 recupe-

380 2505 511 2560 ravit,
531 2505 605 2548 sed
625 2514 668 2548 et
687 2505 826 2566 Crispi
850 2505 1039 2548 Passieni
1063 2505 1203 2547 vitrici
1228 2506 1292 2547 sui
1321 2504 1559 2548 hereditate
1586 2503 1746 2545 ditatus

379 2594 454 2627 cst.
494 2586 648 2628 Gratia
688 2585 864 2644 quidem
901 2595 944 2627 et
979 2585 1170 2643 potentia
1207 2594 1414 2627 revocatae
1453 2583 1744 2641 restitutaeque

382 2665 528 2707 matris
560 2680 693 2723 usque
718 2681 769 2707 eo
797 2665 970 2716 floruit,
1002 2673 1048 2705 ut
1081 2672 1297 2706 emanaret
1331 2664 1369 2705 in
1401 2662 1572 2722 vulgus,
1598 2662 1747 2704 missos
