1988 3439
653 273 690 308 C.
714 273 733 306 J
741 271 882 308 ULIUS
908 272 1088 307 CAESAR.
1503 272 1546 310 lu

192 359 468 402 tribunorum
498 367 541 401 et
564 355 750 400 aedilium
779 354 941 415 plebis3
969 354 1275 415 praefectosque
1300 371 1380 415 pro
1401 364 1554 416 praeto-

191 439 308 483 ribus
332 437 628 493 constituerit,
652 436 727 496 qui
750 444 959 496 praesente
983 451 1027 478 se
1050 450 1117 478 res
1141 434 1327 479 urbanas
1350 434 1553 478 adminis-

191 528 368 562 trarent.
395 516 538 562 Pridie
562 526 707 561 autem
730 513 933 558 kalendas
952 514 1172 575 januarias
1197 515 1422 574 repentina
1446 530 1551 557 con·

191 597 294 642 sulis
323 607 463 641 morte
487 605 728 640 cessantem
751 595 964 639 honorem
988 596 1033 638 in
1057 609 1215 654 paucas
1237 593 1367 637 horas
1391 594 1554 653 petenti

190 677 321 721 dedit.
345 676 506 722 Eadem
536 675 710 720 licentia
725 709 736 731 ,
760 685 906 736 spreto
929 675 1079 736 patriae
1104 690 1252 729 more,
1279 674 1555 734 magistratus

190 757 235 801 in
268 755 413 818 plures
446 773 582 801 annos
615 755 835 800 ordinavit
863 772 872 798 :
902 754 1048 800 decem
1077 755 1289 815 praetoriis
1318 754 1422 797 viris
1451 769 1555 798 con-

190 835 349 881 sularia
371 846 627 881 ornamenta
650 836 802 879 tribuit
824 852 833 878 :
858 835 1032 879 civitate
1054 834 1257 891 donatos,
1280 843 1322 878 et
1344 832 1554 894 quosdam

188 934 212 960 e
242 916 544 961 semibarbaris
573 914 829 970 Gallorum,
859 915 1025 976 recepit
1056 915 1100 958 in
1131 915 1309 959 curiam.
1342 916 1556 958 Praeterca

192 1006 393 1053 monetae,
412 995 684 1057 publicisque
702 993 1006 1056 vectigalibus,
1028 992 1266 1055 peculiares
1284 1010 1431 1038 servos
1450 1011 1557 1054 prae-

189 1077 345 1136 posuit.
376 1076 527 1120 Trium
553 1074 799 1136 legionum,
827 1091 933 1134 quas
958 1073 1231 1118 Alexandriae
1255 1073 1529 1134 relinquebat
1545 1109 1554 1127 ,

191 1170 340 1198 curam
359 1165 401 1198 et
422 1155 654 1216 imperium
674 1154 871 1212 Rufioni,
891 1153 1035 1198 liberti
1056 1154 1121 1197 sui
1138 1152 1246 1212 filio,
1267 1152 1434 1198 exoleto
1451 1169 1531 1197 suo
1544 1187 1554 1207 ‚

190 1234 479 1278 demandavit.

254 1316 477 1358 LXXVII.
517 1315 609 1357 Nec
646 1315 824 1358 minoris
863 1315 1128 1375 impotentiae
1163 1330 1289 1357 voces
1330 1311 1555 1374 propalam

188 1393 361 1450 edebat,
389 1403 437 1436 ut
462 1395 512 1437 T.
534 1394 716 1453 Ampius
745 1394 894 1436 scribit
916 1410 925 1435 ε
954 1392 1074 1437 Nihil
1100 1409 1190 1436 esse
1216 1392 1554 1453 rempublicam,

186 1473 519 1535 appellationem
542 1472 672 1516 modo
699 1474 790 1517 sine
822 1489 1005 1534 corpore
1034 1488 1082 1516 ac
1108 1474 1259 1534 specie.
1287 1471 1452 1515 Sullam
1479 1489 1554 1516 ne-

187 1554 314 1597 scisse
341 1552 524 1609 litteras,
544 1554 619 1614 qui
646 1552 905 1597 dictaturam
929 1552 1188 1614 deposuerit.
1214 1553 1384 1597 Debere
1410 1553 1554 1597 homi-

188 1650 261 1678 nes
288 1633 597 1679 consideratius
629 1634 719 1694 jam
746 1632 864 1693 loqui
901 1650 1069 1689 secum,
1097 1649 1146 1676 ac
1175 1650 1256 1694 pro
1284 1631 1449 1694 legibus
1476 1633 1553 1677 ha-

187 1714 286 1757 bere
317 1730 412 1774 quae
439 1713 564 1757 dicat.
595 1716 748 1772 quue
785 1714 1042 1774 arrogantia}
1068 1729 1322 1774 progressus
1362 1723 1452 1769 est,
1486 1723 1553 1769 ut,

189 1793 415 1854 haruspice
436 1795 574 1837 tristia
601 1804 643 1839 et
670 1793 759 1836 sine
783 1793 911 1837 corde
931 1803 1050 1836 exsta
1075 1810 1196 1836 sacro
1223 1792 1413 1854 quodam
1439 1810 1554 1836 nun-

188 1859 342 1928 tiante,
371 1872 518 1916 futura
543 1872 702 1916 diceret
730 1872 893 1917 laetiora
929 1891 1066 1934 quum
1092 1873 1239 1930 vellet3
1269 1891 1348 1917 nec
1374 1891 1455 1935 pro
1486 1891 1555 1917 os-

188 1962 305 1996 tento
332 1952 601 2007 ducendum,
622 1953 655 1995 si
684 1953 839 2014 pecudi
867 1970 942 1997 cor
968 1953 1184 1997 defuisset.

249 2033 493 2076 LXXVIII.
516 2034 679 2076 Verum
707 2035 970 2094 praecipuam
997 2044 1039 2076 ct
1058 2033 1362 2094 inexpiabilem
1383 2035 1462 2077 sibi
1487 2035 1552 2077 in-

191 2111 346 2155 vidiam
370 2112 471 2155 hinc
497 2114 680 2156 maxime
709 2115 857 2157 movit.
888 2114 1110 2157 Adeuntes
1147 2130 1190 2157 se
1220 2131 1319 2158 cum
1355 2113 1553 2175 plurimis

190 2191 716 2253 honorificentissimisque
762 2193 943 2238 decretis
991 2195 1216 2237 universos
1262 2204 1405 2255 patres
1451 2212 1555 2239 con-

189 2270 370 2330 scriptos
382 2303 393 2324 ,
419 2270 568 2313 sedens
595 2289 674 2331 pro
689 2272 778 2314 zede
791 2274 974 2316 Veneris
992 2275 1227 2317 Genitricis
1244 2276 1424 2336 excepit.
1438 2277 1551 2333 Qui-

188 2349 285 2394 dam
314 2358 468 2409 putant
496 2359 713 2393 retentum
734 2368 758 2393 a
783 2351 986 2395 Cornelio
1004 2352 1157 2409 Balbo,
1173 2371 1309 2414 quum
1321 2366 1554 2398 conaretur

189 2445 411 2489 assurgere
437 2446 444 2471 :
473 2428 570 2483 alii,
601 2448 651 2473 nc
677 2439 883 2473 conatum
911 2431 1086 2490 quidem
1109 2434 1308 2489 omnino,
1332 2433 1403 2477 scd
1425 2436 1554 2479 etiam

189 2509 492 2553 admonentem
522 2513 570 2552 (Σ.
597 2511 848 2554 Trebatium
885 2522 931 2554 ut
963 2522 1225 2571 assurgeret,
1250 2514 1393 2556 minus
1429 2513 1548 2557 sami-

190 2590 280 2634 liari
309 2589 431 2633 vultu
460 2592 706 2650 respexisse.
737 2592 871 2652 quue
898 2592 1058 2636 sactum
1083 2594 1174 2652 cjtls
1203 2604 1324 2637 tanto
1351 2594 1554 2639 intolera-

192 2669 317 2713 bilius
343 2681 405 2713 cst
436 2671 597 2723 xis-um,
625 2671 739 2730 quod
765 2673 852 2732 ipsc
879 2673 1163 2733 triumphanti
1187 2684 1226 2716 et
1249 2674 1448 2718 subsellia
1473 2678 1550 2718 tri-
