1971 3342
435 255 451 275 2
461 242 503 276 30
962 240 998 273 C.
1031 239 1254 274 SUETONH

431 325 558 367 Circo
583 324 766 366 maximo
782 357 791 375 ,
818 323 930 364 inter
954 331 1189 364 scortorum
1217 321 1346 363 totius
1374 320 1503 364 Urbis
1526 321 1769 367 ambubaia-

431 419 611 463 rumque
658 402 902 445 ministeria.
941 401 1124 457 Quoties
1159 401 1323 443 Ostiam
1364 399 1504 442 Tiberi
1540 399 1769 454 deflueret,

430 493 504 526 aut
534 484 739 526 Baianum
767 482 906 525 sinum
935 480 1338 540 praeternavigaret,
1364 478 1577 538 dispositae
1609 496 1684 539 per
1717 479 1768 523 li-

430 574 523 608 tora
550 574 592 607 et
628 564 741 623 ripas
777 560 1027 604 deversoriae
1056 559 1242 603 tabernae
1273 558 1549 619 parabantur,
1584 560 1769 619 insignes

428 659 571 703 ganeae
610 652 650 684 et
678 650 998 693 matronarum,
1032 638 1265 681 institorias
1300 654 1450 698 operas
1485 638 1771 694 imitantium,

428 733 554 781 atque
579 722 677 764 hinc
706 719 804 762 inde
829 719 1095 761 hortantium
1112 751 1123 772 ,
1149 727 1197 760 ut
1223 716 1465 776 appelleret.
1487 717 1710 760 Indicebat
1731 728 1772 760 et

427 800 707 845 familiaribus
730 814 892 853 coenas,
919 814 1101 857 quorum
1130 797 1203 839 uni
1238 795 1397 839 mellita
1425 796 1680 856 quadragies
1713 813 1772 840 se-

427 881 573 924 stertio
595 879 806 933 constitit,
823 876 945 921 alteri
967 876 1101 937 pluris
1123 875 1343 935 aliquanto
1362 876 1580 935 absorptio
1598 878 1771 920 rosaria.

493 961 689 1003 XXVIII.
721 960 857 1017 Super
881 959 1164 1016 ingenuorum
1187 955 1455 1016 paedagogia,
1475 965 1516 998 et
1538 966 1770 1014 nuptarum

425 1040 750 1092 ‹—0ncubinatus,
778 1035 923 1080 vestali
958 1036 1111 1095 virgini
1137 1034 1310 1078 Rubriae
1336 1036 1420 1077 vim
1457 1035 1613 1079 intulit.
1640 1040 1772 1080 Acten

427 1119 645 1171 libertam,
684 1116 860 1177 paulum
892 1115 1052 1169 abfuit,
1093 1115 1196 1173 quin
1226 1114 1338 1172 justo
1382 1115 1655 1157 matrimonio
1696 1116 1772 1157 sibi

425 1198 729 1256 conjungeret,
769 1194 1003 1237 summissis
1043 1191 1340 1235 consularibus
1377 1193 1500 1247 viris,
1537 1194 1610 1251 qui
1658 1194 1774 1253 regio

426 1293 580 1336 genere
609 1285 746 1318 ortam
782 1274 1034 1334 pejerarent.
1065 1274 1251 1314 Puerum
1280 1272 1484 1330 Sporum,
1513 1273 1689 1315 exsectis
1721 1282 1775 1315 te-

426 1355 585 1409 stibus,
604 1355 732 1397 etiam
761 1355 803 1395 in
827 1350 1079 1395 muliebrem
1103 1359 1297 1393 naturam
1326 1350 1631 1411 transfigurare
1653 1367 1775 1394 cona-

427 1444 517 1487 tus,
550 1450 648 1476 cum
683 1433 780 1475 dote
814 1441 856 1474 et
887 1430 1108 1483 flammeo,
1144 1446 1220 1488 per
1254 1427 1457 1472 sollemne
1497 1430 1772 1489 nuptiarum,

425 1512 699 1555 celeberrimo
734 1510 874 1553 officio
908 1508 1139 1551 deductum
1171 1507 1222 1550 ad
1258 1524 1300 1550 se
1334 1524 1411 1567 pro
1444 1524 1576 1550 uxore
1607 1508 1772 1551 habuit.

424 1594 659 1649 Exstatque
694 1588 916 1648 cujusdam
948 1605 1034 1631 non
1063 1588 1239 1630 inscitus
1265 1587 1410 1646 jocus,
1435 1606 1453 1626 «
1473 1589 1585 1629 Bene
1611 1588 1678 1647 agi
1708 1604 1775 1646 po-

426 1671 555 1713 tuisse
592 1686 687 1712 eum
729 1669 854 1711 rebus
892 1668 1114 1721 humanis,
1152 1668 1184 1708 si
1228 1666 1443 1709 Domitius
1484 1676 1604 1725 pater
1647 1665 1774 1709 talem

426 1750 643 1793 habuisset
678 1764 906 1791 uxorem.»
928 1749 1052 1790 Hunc
1089 1748 1273 1805 Sporum
1291 1779 1302 1798 ,
1331 1748 1620 1803 Augustarum
1652 1762 1775 1788 orna-

426 1829 580 1871 mentis
606 1827 849 1882 excultum,
874 1825 1107 1884 lecticaque
1128 1834 1315 1877 vectum,
1333 1833 1373 1866 et
1400 1825 1511 1867 circa
1536 1834 1775 1868 conventus

426 1919 723 1967 mercatusque
752 1907 957 1961 Graeciae,
990 1922 1038 1949 ac
1071 1921 1169 1947 mox
1205 1907 1351 1948 Romae
1385 1905 1497 1946 circa
1535 1902 1774 1963 Sigillaria,

425 1989 652 2031 comitatus
687 1997 774 2042 est,
811 1985 1041 2029 identidem
1067 1982 1327 2026 exosculans,
1356 1983 1466 2025 Nam
1504 1984 1651 2026 matris
1678 1999 1774 2026 con-

425 2068 614 2110 cubitum
642 2067 877 2126 appetisse,
903 2075 944 2107 et
970 2064 1021 2105 ab
1047 2062 1409 2105 obtrectatoribus
1434 2063 1550 2121 ejus,
1581 2079 1634 2105 ne
1656 2063 1774 2106 ferox

425 2155 550 2204 atquc
575 2145 786 2203 impotens
809 2142 961 2185 mulier
984 2151 1024 2184 et
1051 2141 1131 2184 hoc
1154 2156 1308 2201 genere
1335 2142 1481 2201 gratiae
1504 2141 1774 2202 praevaleret,

425 2224 699 2275 deterritum,
724 2240 849 2266 nemo
879 2222 1088 2264 dubitavit
1118 2239 1126 2264 :
1158 2221 1309 2280 utique
1333 2230 1561 2281 postquam
1587 2222 1773 2264 meretri-

426 2320 543 2359 cem,
592 2320 718 2363 quam
761 2302 872 2345 fama
914 2312 1004 2345 erat
1043 2302 1291 2362 Agrippinae
1335 2300 1619 2356 simillimam,
1667 2301 1774 2344 inter

427 2383 686 2426 concubinas
730 2384 902 2442 recepit.
931 2381 1047 2425 Olim
1086 2382 1240 2433 etiam,
1271 2380 1438 2439 quoties
1481 2379 1628 2424 lectica
1675 2396 1771 2423 cum

426 2472 559 2505 matre
592 2462 830 2518 veheretur,
859 2461 1126 2504 libidinatum
1156 2461 1339 2515 inceste,
1368 2476 1417 2503 ac
1446 2458 1622 2503 maculis
1648 2459 1774 2502 vestis

427 2540 666 2598 proditum,
692 2540 918 2583 affirmant.

488 2622 645 2662 ΧΧἹΧᾎ
679 2623 805 2663 Suam
831 2619 1004 2678 quidem
1036 2619 1282 2677 pudicitiam
1314 2635 1444 2677 usquc
1480 2617 1585 2660 adeo
1620 2619 1772 2676 prosti«
