1988 3439
737 266 996 302 CALIGULA.
1485 288 1497 312 1
1508 289 1555 326 79

179 359 303 401 netu,
334 345 471 407 ipsam
496 349 709 398 Enniam,
739 348 961 410 adjutores
991 351 1159 413 imperii
1188 371 1197 397 τ
1232 358 1389 416 quibus
1415 363 1554 406 omni-

179 421 260 468 bus
285 441 368 487 pro
394 427 727 474 necessitudinis
747 430 848 490 jure
864 466 875 488 ,
905 447 1074 493 proque
1101 435 1359 482 meritorum
1389 443 1553 500 gratia,

176 515 359 550 cruenta
388 523 504 552 mors
536 508 759 569 persoluta
787 521 864 556 est.
894 511 1046 558 Nihilo
1070 518 1336 562 reverentior
1360 517 1554 567 leniorve

176 599 281 646 erga
305 596 503 631 senatum
525 605 534 632 :
561 589 775 649 quosdam
805 593 986 637 summis
1013 594 1255 641 honoribus
1281 597 1474 657 functos,
1497 603 1553 647 ad

174 663 373 710 essedum
391 666 473 713 sibi
495 683 671 713 currere
694 680 865 732 togatos
884 689 964 733 per
981 673 1147 735 aliquot
1167 692 1374 737 passuum
1393 680 1551 736 millia,

172 753 215 789 et
247 747 436 792 coenanti
455 781 467 804 ,
495 748 627 794 modo
663 749 717 795 ad
751 750 951 813 pluteum
981 754 1112 801 modo
1142 756 1197 802 ad
1231 758 1364 820 pedes
1399 770 1514 807 stare
1536 797 1548 820 ‚

170 827 414 872 succinctos
444 826 603 887 linteo,
639 847 790 892 passus
817 844 914 879 est:
946 833 1055 880 alios
1081 854 1218 898 quum
1250 838 1361 884 clam
1389 842 1549 888 intere-

170 905 334 964 misset,
353 908 488 953 citare
508 910 646 957 nihilo
670 914 814 958 minus
838 925 888 960 ut
906 917 1028 961 vivos
1046 922 1363 979 perseveravit,
1385 939 1547 983 paucos

167 996 264 1048 post
284 986 376 1033 dies
395 989 644 1036 voluntaria
666 1005 805 1039 morte
826 997 987 1058 perisse
1012 1000 1235 1045 mentitus.
1257 1002 1544 1061 Consulibus,

164 1065 312 1113 oblitis
338 1068 392 1114 de
426 1071 559 1116 natali
590 1090 669 1119 suo
703 1075 904 1133 edicere,
937 1078 1167 1141 abrogavit
1199 1083 1501 1144 magistratum
1533 1103 1542 1130 :

164 1145 330 1208 fuitque
358 1165 435 1210 per
467 1151 663 1197 triduum
696 1156 788 1200 sine
820 1173 991 1202 summa
1027 1171 1242 1221 potestate
1280 1164 1541 1224 respublica.

163 1227 437 1285 Quaestorem
455 1248 583 1276 suum
603 1235 646 1277 in
666 1237 970 1296 conjuratione
991 1241 1265 1286 nominatum
1286 1244 1541 1305 flagellavit,

163 1318 278 1353 veste
303 1309 521 1368 detracta,
548 1314 827 1377 subjectaque
856 1318 1044 1364 militum
1069 1321 1279 1382 pedibus,
1305 1342 1392 1385 quo
1418 1325 1541 1371 firme

159 1389 430 1435 verberatur-i
457 1393 721 1439 insisterent.
748 1398 889 1441 Simili
918 1402 1120 1460 superbia
1147 1403 1441 1465 violentiaque
1466 1424 1538 1451 cc-

157 1477 273 1514 tems
301 1473 507 1516 tractavit
538 1474 725 1520 ordines.
758 1478 1032 1538 Inquietatus
1066 1480 1242 1527 fremitu
1273 1486 1464 1544 gratuita
1493 1488 1536 1530 in

155 1548 271 1594 circo
297 1548 390 1595 loca
415 1551 469 1596 de
494 1554 638 1599 media
666 1566 793 1600 nocte
817 1561 1152 1620 occupantium,
1176 1579 1325 1607 omnes
1346 1565 1532 1611 fustibus

153 1627 310 1691 abegit.
336 1630 442 1676 Elisi
470 1650 548 1694 per
574 1651 673 1680 eum
703 1637 941 1683 tumultum
971 1641 1125 1703 viginti
1148 1643 1334 1705 amplius
1363 1648 1532 1706 equites

152 1711 351 1768 romani,
387 1714 567 1758 totidem
605 1727 840 1775 matronae,
877 1736 1009 1782 super
1044 1723 1318 1768 innumeram
1356 1727 1530 1770 turbam

149 1800 350 1835 ceteram.
378 1794 572 1840 Scenicis
606 1795 746 1853 ludis,
778 1800 892 1843 inter
923 1800 1097 1862 plebem
1128 1814 1171 1848 et
1197 1807 1389 1866 equitem
1424 1824 1529 1852 cau-

148 1884 239 1913 sam
274 1870 592 1919 discordiarum
621 1894 796 1935 serens,
823 1879 1014 1926 decimas
1045 1887 1259 1929 maturius
1292 1886 1450 1943 dabat,
1484 1898 1531 1932 ut

148 1953 367 2010 equestria
402 1954 456 1998 ab
489 1955 638 2001 infimo
674 1976 852 2020 quoque
884 1974 1221 2023 occuparentur.
1252 1965 1530 2011 Gladiatorio

148 2045 356 2088 munere,
394 2033 585 2081 reductis
625 2038 845 2083 interdum
888 2041 1224 2103 flagrantissimo
1263 2044 1353 2090 sole
1391 2046 1527 2102 velis,

146 2111 285 2155 emitti
314 2129 578 2175 quemquam
610 2119 821 2164 vetabat:
851 2132 1110 2183 remotoque
1141 2125 1366 2170 ordinario
1393 2143 1526 2188 appa-

146 2199 272 2247 ratu,
296 2193 464 2238 tabidas
492 2195 603 2240 seras
622 2232 633 2250 ,
661 2198 893 2244 vilissimos
922 2204 1130 2264 senioque
1160 2205 1407 2263 confectos,
1436 2206 1526 2268 gla-

144 2268 336 2316 diatores
361 2289 536 2334 quoque
562 2293 812 2338 pegmares‚
836 2283 1250 2339 patresfamiliarum
1277 2297 1425 2342 no'iOS,
1451 2288 1524 2331 sed

143 2348 335 2411 insignes
362 2351 585 2399 debilitate
613 2355 757 2417 aliqua
783 2363 980 2420 corporis
997 2396 1007 2416 ,
1034 2364 1302 2424 subjiciebat.
1329 2370 1391 2411 Ac
1415 2383 1523 2410 non-

142 2444 396 2490 nunquam,
419 2433 587 2478 horreis
609 2436 850 2496 proeclusis,
879 2440 1043 2501 populo
1069 2443 1224 2488 famem
1252 2445 1422 2489 indixit.

205 2511 393 2555 XXVII.
422 2514 639 2559 Saevitiam
668 2518 832 2579 ingenii
865 2536 942 2580 per
971 2522 1060 2565 haec
1092 2526 1279 2567 maxime
1315 2525 1518 2569 ostendit.

140 2588 293 2647 Quum
320 2591 374 2636 ad
398 2595 591 2656 saginam
618 2596 833 2654 ferarum,
859 2603 1029 2645 muneri
1058 2615 1425 2664 praeparatarum,
1452 2623 1519 2650 ca-

143 2669 235 2713 rius
261 2673 451 2732 pecudes
476 2690 855 2737 compararentur,
882 2699 932 2725 cx
962 2685 1099 2727 noxiis
1129 2683 1356 2729 laniandos
1384 2704 1518 2729 anno-

1259 2783 1322 2810 1¹),-
