<?xml version="1.0" encoding="UTF-8"?>
<!DOCTYPE html PUBLIC "-//W3C//DTD XHTML 1.0 Transitional//EN"
    "http://www.w3.org/TR/xhtml1/DTD/xhtml1-transitional.dtd">
<html xmlns="http://www.w3.org/1999/xhtml" xml:lang="en" lang="en">
 <head>
  <title>
</title>
<meta http-equiv="Content-Type" content="text/html;charset=utf-8" />
  <meta name='ocr-system' content='tesseract 3.04.00' />
  <meta name='ocr-capabilities' content='ocr_page ocr_carea ocr_par ocr_line ocrx_word'/>
</head>
<body>
  <div class='ocr_page' id='page_1' title='image "./operagro00suetuoft_0222.png"; bbox 0 0 1971 3342; ppageno 0'>
   <div class='ocr_carea' id='block_1_1' title="bbox 453 235 1820 2606">
    <p class='ocr_par' dir='ltr' id='par_1_1' title="bbox 463 235 1289 282">
     <span class='ocr_line' id='line_1_1' title="bbox 463 235 1289 282; baseline -0.002 -12"><span class='ocrx_word' id='word_1_1' title='bbox 463 241 533 282; x_wconf 59' lang='lat'>194</span> <span class='ocrx_word' id='word_1_2' title='bbox 996 235 1032 269; x_wconf 88' lang='lat' dir='ltr'>C.</span> <span class='ocrx_word' id='word_1_3' title='bbox 1060 235 1289 270; x_wconf 82' lang='lat' dir='ltr'><strong>SUETONII</strong></span> 
     </span>
    </p>

    <p class='ocr_par' dir='ltr' id='par_1_2' title="bbox 458 316 1817 841">
     <span class='ocr_line' id='line_1_2' title="bbox 462 316 1815 379; baseline 0 -17"><span class='ocrx_word' id='word_1_4' title='bbox 462 320 562 375; x_wconf 61' lang='lat' dir='ltr'>bat,;</span> <span class='ocrx_word' id='word_1_5' title='bbox 584 334 632 362; x_wconf 87' lang='lat' dir='ltr'>ac</span> <span class='ocrx_word' id='word_1_6' title='bbox 655 335 708 362; x_wconf 91' lang='lat' dir='ltr'>ne</span> <span class='ocrx_word' id='word_1_7' title='bbox 734 319 799 362; x_wconf 81' lang='lat' dir='ltr'>his</span> <span class='ocrx_word' id='word_1_8' title='bbox 824 318 998 379; x_wconf 85' lang='lat' dir='ltr'>quidem</span> <span class='ocrx_word' id='word_1_9' title='bbox 1024 316 1194 378; x_wconf 86' lang='lat' dir='ltr'>placida</span> <span class='ocrx_word' id='word_1_10' title='bbox 1216 318 1383 378; x_wconf 83' lang='lat' dir='ltr'>quiete,</span> <span class='ocrx_word' id='word_1_11' title='bbox 1409 316 1482 360; x_wconf 86' lang='lat' dir='ltr'>sed</span> <span class='ocrx_word' id='word_1_12' title='bbox 1511 318 1666 378; x_wconf 86' lang='lat' dir='ltr'>pavida</span> <span class='ocrx_word' id='word_1_13' title='bbox 1697 320 1815 362; x_wconf 85' lang='lat' dir='ltr'>miris</span> 
     </span>
     <span class='ocr_line' id='line_1_3' title="bbox 460 395 1816 459; baseline 0 -17"><span class='ocrx_word' id='word_1_14' title='bbox 460 415 605 442; x_wconf 86' lang='lat' dir='ltr'>rerum</span> <span class='ocrx_word' id='word_1_15' title='bbox 632 398 920 459; x_wconf 85' lang='lat' dir='ltr'>imaginibus,</span> <span class='ocrx_word' id='word_1_16' title='bbox 956 407 1004 441; x_wconf 88' lang='lat' dir='ltr'>ut</span> <span class='ocrx_word' id='word_1_17' title='bbox 1038 398 1112 457; x_wconf 85' lang='lat' dir='ltr'>qui</span> <span class='ocrx_word' id='word_1_18' title='bbox 1147 398 1258 441; x_wconf 88' lang='lat' dir='ltr'>inter</span> <span class='ocrx_word' id='word_1_19' title='bbox 1287 406 1475 453; x_wconf 86' lang='lat' dir='ltr'>ceteras,</span> <span class='ocrx_word' id='word_1_20' title='bbox 1508 395 1650 458; x_wconf 85' lang='lat' dir='ltr'>pelagi</span> <span class='ocrx_word' id='word_1_21' title='bbox 1678 414 1816 458; x_wconf 92' lang='lat' dir='ltr'>quon-</span> 
     </span>
     <span class='ocr_line' id='line_1_4' title="bbox 459 476 1816 538; baseline 0.001 -17"><span class='ocrx_word' id='word_1_22' title='bbox 459 477 558 522; x_wconf 89' lang='lat' dir='ltr'>dam</span> <span class='ocrx_word' id='word_1_23' title='bbox 603 479 789 538; x_wconf 89' lang='lat' dir='ltr'>speciem</span> <span class='ocrx_word' id='word_1_24' title='bbox 836 477 1153 537; x_wconf 78' lang='lat' dir='ltr'>colloquentem</span> <span class='ocrx_word' id='word_1_25' title='bbox 1201 494 1345 521; x_wconf 90' lang='lat' dir='ltr'>secum</span> <span class='ocrx_word' id='word_1_26' title='bbox 1392 476 1538 521; x_wconf 90' lang='lat' dir='ltr'>videre</span> <span class='ocrx_word' id='word_1_27' title='bbox 1582 477 1700 521; x_wconf 86' lang='lat' dir='ltr'>visus</span> <span class='ocrx_word' id='word_1_28' title='bbox 1747 479 1816 522; x_wconf 87' lang='lat' dir='ltr'>sit.</span> 
     </span>
     <span class='ocr_line' id='line_1_5' title="bbox 458 556 1816 618; baseline 0 -17"><span class='ocrx_word' id='word_1_29' title='bbox 458 557 647 617; x_wconf 87' lang='lat' dir='ltr'>Ideoque</span> <span class='ocrx_word' id='word_1_30' title='bbox 671 574 828 618; x_wconf 84' lang='lat' dir='ltr'>magna</span> <span class='ocrx_word' id='word_1_31' title='bbox 857 566 979 618; x_wconf 88' lang='lat' dir='ltr'>parte</span> <span class='ocrx_word' id='word_1_32' title='bbox 1007 558 1145 601; x_wconf 88' lang='lat' dir='ltr'>noctis</span> <span class='ocrx_word' id='word_1_33' title='bbox 1172 556 1327 618; x_wconf 80' lang='lat' dir='ltr'>vigiliae</span> <span class='ocrx_word' id='word_1_34' title='bbox 1356 556 1632 617; x_wconf 87' lang='lat' dir='ltr'>cubandique</span> <span class='ocrx_word' id='word_1_35' title='bbox 1659 557 1787 601; x_wconf 84' lang='lat' dir='ltr'>taedio</span> <span class='ocrx_word' id='word_1_36' title='bbox 1804 593 1816 613; x_wconf 94' lang='lat'>,</span> 
     </span>
     <span class='ocr_line' id='line_1_6' title="bbox 458 635 1817 697; baseline 0 -16"><span class='ocrx_word' id='word_1_37' title='bbox 458 653 574 681; x_wconf 87' lang='lat' dir='ltr'>nunc</span> <span class='ocrx_word' id='word_1_38' title='bbox 617 647 712 681; x_wconf 84' lang='lat' dir='ltr'>toro</span> <span class='ocrx_word' id='word_1_39' title='bbox 756 637 945 680; x_wconf 83' lang='lat' dir='ltr'>residens</span> <span class='ocrx_word' id='word_1_40' title='bbox 968 671 979 690; x_wconf 88' lang='lat'><strong>‚</strong></span> <span class='ocrx_word' id='word_1_41' title='bbox 1027 653 1142 680; x_wconf 90' lang='lat' dir='ltr'>nunc</span> <span class='ocrx_word' id='word_1_42' title='bbox 1185 653 1263 697; x_wconf 90' lang='lat' dir='ltr'>per</span> <span class='ocrx_word' id='word_1_43' title='bbox 1309 635 1578 697; x_wconf 83' lang='lat' dir='ltr'>longissimas</span> <span class='ocrx_word' id='word_1_44' title='bbox 1624 638 1817 697; x_wconf 86' lang='lat' dir='ltr'>porticus</span> 
     </span>
     <span class='ocr_line' id='line_1_7' title="bbox 459 715 1817 777; baseline -0.001 -17"><span class='ocrx_word' id='word_1_45' title='bbox 459 733 592 777; x_wconf 83' lang='lat' dir='ltr'>vagus</span> <span class='ocrx_word' id='word_1_46' title='bbox 617 750 628 773; x_wconf 95' lang='lat'>,</span> <span class='ocrx_word' id='word_1_47' title='bbox 673 717 876 760; x_wconf 89' lang='lat' dir='ltr'>invocare</span> <span class='ocrx_word' id='word_1_48' title='bbox 923 716 1159 760; x_wconf 86' lang='lat' dir='ltr'>identidem</span> <span class='ocrx_word' id='word_1_49' title='bbox 1202 726 1329 776; x_wconf 85' lang='lat' dir='ltr'>atque</span> <span class='ocrx_word' id='word_1_50' title='bbox 1380 725 1627 776; x_wconf 88' lang='lat' dir='ltr'>exspectare</span> <span class='ocrx_word' id='word_1_51' title='bbox 1678 715 1817 761; x_wconf 89' lang='lat' dir='ltr'>lucem</span> 
     </span>
     <span class='ocr_line' id='line_1_8' title="bbox 458 807 700 841; baseline 0 -1"><span class='ocrx_word' id='word_1_52' title='bbox 458 807 700 841; x_wconf 86' lang='lat' dir='ltr'>consuerat.</span> 
     </span>
    </p>

    <p class='ocr_par' dir='ltr' id='par_1_3' title="bbox 453 874 1820 2606">
     <span class='ocr_line' id='line_1_9' title="bbox 522 874 1816 921; baseline -0.002 -1"><span class='ocrx_word' id='word_1_53' title='bbox 522 879 594 920; x_wconf 90' lang='lat' dir='ltr'>LI.</span> <span class='ocrx_word' id='word_1_54' title='bbox 624 878 723 921; x_wconf 92' lang='lat' dir='ltr'>Non</span> <span class='ocrx_word' id='word_1_55' title='bbox 752 877 966 920; x_wconf 86' lang='lat' dir='ltr'>immerito</span> <span class='ocrx_word' id='word_1_56' title='bbox 996 876 1150 920; x_wconf 89' lang='lat' dir='ltr'>mentis</span> <span class='ocrx_word' id='word_1_57' title='bbox 1180 874 1413 919; x_wconf 88' lang='lat' dir='ltr'>valetudini</span> <span class='ocrx_word' id='word_1_58' title='bbox 1446 875 1717 920; x_wconf 76' lang='lat' dir='ltr'>attribuerim</span> <span class='ocrx_word' id='word_1_59' title='bbox 1751 875 1816 918; x_wconf 90' lang='lat' dir='ltr'>di—</span> 
     </span>
     <span class='ocr_line' id='line_1_10' title="bbox 457 955 1818 1011; baseline -0.001 -12"><span class='ocrx_word' id='word_1_60' title='bbox 457 956 700 999; x_wconf 88' lang='lat' dir='ltr'>versissima</span> <span class='ocrx_word' id='word_1_61' title='bbox 734 956 777 999; x_wconf 89' lang='lat' dir='ltr'>in</span> <span class='ocrx_word' id='word_1_62' title='bbox 810 955 961 999; x_wconf 87' lang='lat' dir='ltr'>eodem</span> <span class='ocrx_word' id='word_1_63' title='bbox 990 955 1122 1011; x_wconf 88' lang='lat' dir='ltr'>vitia,</span> <span class='ocrx_word' id='word_1_64' title='bbox 1156 971 1370 998; x_wconf 86' lang='lat' dir='ltr'>summam</span> <span class='ocrx_word' id='word_1_65' title='bbox 1405 955 1738 1011; x_wconf 86' lang='lat' dir='ltr'>confidentiam,</span> <span class='ocrx_word' id='word_1_66' title='bbox 1776 965 1818 998; x_wconf 84' lang='lat' dir='ltr'>et</span> 
     </span>
     <span class='ocr_line' id='line_1_11' title="bbox 458 1034 1818 1094; baseline -0.001 -15"><span class='ocrx_word' id='word_1_67' title='bbox 458 1045 609 1079; x_wconf 88' lang='lat' dir='ltr'>contra</span> <span class='ocrx_word' id='word_1_68' title='bbox 634 1035 817 1079; x_wconf 87' lang='lat' dir='ltr'>nimium</span> <span class='ocrx_word' id='word_1_69' title='bbox 841 1045 1016 1079; x_wconf 90' lang='lat' dir='ltr'>metum.</span> <span class='ocrx_word' id='word_1_70' title='bbox 1040 1036 1153 1078; x_wconf 83' lang='lat' dir='ltr'>Nam</span> <span class='ocrx_word' id='word_1_71' title='bbox 1179 1036 1252 1094; x_wconf 87' lang='lat' dir='ltr'>qui</span> <span class='ocrx_word' id='word_1_72' title='bbox 1278 1034 1378 1078; x_wconf 90' lang='lat' dir='ltr'>deos</span> <span class='ocrx_word' id='word_1_73' title='bbox 1405 1043 1526 1077; x_wconf 86' lang='lat' dir='ltr'>tanto</span> <span class='ocrx_word' id='word_1_74' title='bbox 1552 1051 1682 1094; x_wconf 89' lang='lat' dir='ltr'>opere</span> <span class='ocrx_word' id='word_1_75' title='bbox 1715 1051 1818 1077; x_wconf 90' lang='lat' dir='ltr'>con-</span> 
     </span>
     <span class='ocr_line' id='line_1_12' title="bbox 457 1112 1818 1173; baseline -0.001 -15"><span class='ocrx_word' id='word_1_76' title='bbox 457 1125 697 1170; x_wconf 89' lang='lat' dir='ltr'>temneret,</span> <span class='ocrx_word' id='word_1_77' title='bbox 733 1114 788 1157; x_wconf 87' lang='lat' dir='ltr'>ad</span> <span class='ocrx_word' id='word_1_78' title='bbox 824 1115 1005 1158; x_wconf 89' lang='lat' dir='ltr'>minima</span> <span class='ocrx_word' id='word_1_79' title='bbox 1041 1115 1236 1157; x_wconf 87' lang='lat' dir='ltr'>tonitrua</span> <span class='ocrx_word' id='word_1_80' title='bbox 1271 1124 1313 1156; x_wconf 90' lang='lat' dir='ltr'>et</span> <span class='ocrx_word' id='word_1_81' title='bbox 1348 1112 1520 1173; x_wconf 83' lang='lat' dir='ltr'>fulgura</span> <span class='ocrx_word' id='word_1_82' title='bbox 1556 1114 1818 1167; x_wconf 86' lang='lat' dir='ltr'>connivere,</span> 
     </span>
     <span class='ocr_line' id='line_1_13' title="bbox 456 1192 1819 1254; baseline -0.001 -17"><span class='ocrx_word' id='word_1_83' title='bbox 456 1203 587 1254; x_wconf 87' lang='lat' dir='ltr'>caput</span> <span class='ocrx_word' id='word_1_84' title='bbox 616 1192 873 1249; x_wconf 82' lang='lat' dir='ltr'>obvolvere,</span> <span class='ocrx_word' id='word_1_85' title='bbox 898 1193 951 1236; x_wconf 89' lang='lat' dir='ltr'>ad</span> <span class='ocrx_word' id='word_1_86' title='bbox 976 1209 1078 1236; x_wconf 87' lang='lat' dir='ltr'>vero</span> <span class='ocrx_word' id='word_1_87' title='bbox 1106 1193 1270 1252; x_wconf 83' lang='lat' dir='ltr'>majora</span> <span class='ocrx_word' id='word_1_88' title='bbox 1297 1192 1519 1252; x_wconf 80' lang='lat' dir='ltr'>proripere</span> <span class='ocrx_word' id='word_1_89' title='bbox 1545 1208 1588 1235; x_wconf 91' lang='lat' dir='ltr'>se</span> <span class='ocrx_word' id='word_1_90' title='bbox 1613 1208 1636 1235; x_wconf 93' lang='lat' dir='ltr'>e</span> <span class='ocrx_word' id='word_1_91' title='bbox 1661 1201 1819 1248; x_wconf 88' lang='lat' dir='ltr'>strato,</span> 
     </span>
     <span class='ocr_line' id='line_1_14' title="bbox 457 1270 1817 1332; baseline -0.001 -17"><span class='ocrx_word' id='word_1_92' title='bbox 457 1273 538 1316; x_wconf 91' lang='lat' dir='ltr'>sub</span> <span class='ocrx_word' id='word_1_93' title='bbox 568 1272 811 1332; x_wconf 90' lang='lat' dir='ltr'>lectumque</span> <span class='ocrx_word' id='word_1_94' title='bbox 840 1271 1028 1316; x_wconf 89' lang='lat' dir='ltr'>condere</span> <span class='ocrx_word' id='word_1_95' title='bbox 1060 1270 1238 1315; x_wconf 89' lang='lat' dir='ltr'>solebat.</span> <span class='ocrx_word' id='word_1_96' title='bbox 1264 1272 1616 1332; x_wconf 85' lang='lat' dir='ltr'>Peregrinatione</span> <span class='ocrx_word' id='word_1_97' title='bbox 1642 1271 1817 1331; x_wconf 90' lang='lat' dir='ltr'>quidem</span> 
     </span>
     <span class='ocr_line' id='line_1_15' title="bbox 456 1349 1817 1411; baseline 0 -16"><span class='ocrx_word' id='word_1_98' title='bbox 456 1351 680 1407; x_wconf 88' lang='lat' dir='ltr'>siciliensi,</span> <span class='ocrx_word' id='word_1_99' title='bbox 708 1352 842 1395; x_wconf 86' lang='lat' dir='ltr'>irrisis</span> <span class='ocrx_word' id='word_1_100' title='bbox 877 1351 1119 1395; x_wconf 89' lang='lat' dir='ltr'>multorum</span> <span class='ocrx_word' id='word_1_101' title='bbox 1147 1350 1342 1394; x_wconf 88' lang='lat' dir='ltr'>locorum</span> <span class='ocrx_word' id='word_1_102' title='bbox 1370 1349 1613 1406; x_wconf 85' lang='lat' dir='ltr'>miraculis,</span> <span class='ocrx_word' id='word_1_103' title='bbox 1639 1361 1817 1411; x_wconf 87' lang='lat' dir='ltr'>repente</span> 
     </span>
     <span class='ocr_line' id='line_1_16' title="bbox 457 1430 1820 1491; baseline -0.001 -16"><span class='ocrx_word' id='word_1_104' title='bbox 457 1448 480 1475; x_wconf 85' lang='lat' dir='ltr'>a</span> <span class='ocrx_word' id='word_1_105' title='bbox 516 1433 718 1475; x_wconf 83' lang='lat' dir='ltr'>Messana</span> <span class='ocrx_word' id='word_1_106' title='bbox 763 1440 895 1474; x_wconf 88' lang='lat' dir='ltr'>noctu</span> <span class='ocrx_word' id='word_1_107' title='bbox 934 1430 1163 1491; x_wconf 84' lang='lat' dir='ltr'>profugit,</span> <span class='ocrx_word' id='word_1_108' title='bbox 1207 1430 1355 1473; x_wconf 81' lang='lat' dir='ltr'>AEtnaei</span> <span class='ocrx_word' id='word_1_109' title='bbox 1391 1431 1563 1474; x_wconf 89' lang='lat' dir='ltr'>verticis</span> <span class='ocrx_word' id='word_1_110' title='bbox 1609 1430 1729 1474; x_wconf 88' lang='lat' dir='ltr'>fumo</span> <span class='ocrx_word' id='word_1_111' title='bbox 1771 1448 1820 1474; x_wconf 87' lang='lat' dir='ltr'>ac</span> 
     </span>
     <span class='ocr_line' id='line_1_17' title="bbox 459 1510 1819 1571; baseline 0.001 -18"><span class='ocrx_word' id='word_1_112' title='bbox 459 1527 683 1554; x_wconf 87' lang='lat' dir='ltr'>murmure</span> <span class='ocrx_word' id='word_1_113' title='bbox 712 1510 971 1571; x_wconf 86' lang='lat' dir='ltr'>pavefactus.</span> <span class='ocrx_word' id='word_1_114' title='bbox 999 1510 1219 1554; x_wconf 87' lang='lat' dir='ltr'>Adversus</span> <span class='ocrx_word' id='word_1_115' title='bbox 1247 1510 1454 1553; x_wconf 89' lang='lat' dir='ltr'>barbaros</span> <span class='ocrx_word' id='word_1_116' title='bbox 1483 1527 1658 1571; x_wconf 89' lang='lat' dir='ltr'>quoque</span> <span class='ocrx_word' id='word_1_117' title='bbox 1682 1512 1819 1554; x_wconf 83' lang='lat' dir='ltr'>mina-</span> 
     </span>
     <span class='ocr_line' id='line_1_18' title="bbox 456 1590 1819 1651; baseline 0 -18"><span class='ocrx_word' id='word_1_118' title='bbox 456 1591 677 1645; x_wconf 88' lang='lat' dir='ltr'>cissimus,</span> <span class='ocrx_word' id='word_1_119' title='bbox 703 1607 838 1650; x_wconf 88' lang='lat' dir='ltr'>quum</span> <span class='ocrx_word' id='word_1_120' title='bbox 862 1600 983 1633; x_wconf 86' lang='lat' dir='ltr'>trans</span> <span class='ocrx_word' id='word_1_121' title='bbox 1004 1590 1204 1634; x_wconf 85' lang='lat' dir='ltr'>Rhenum</span> <span class='ocrx_word' id='word_1_122' title='bbox 1233 1590 1344 1633; x_wconf 86' lang='lat' dir='ltr'>inter</span> <span class='ocrx_word' id='word_1_123' title='bbox 1370 1591 1591 1651; x_wconf 83' lang='lat' dir='ltr'>angustias</span> <span class='ocrx_word' id='word_1_124' title='bbox 1618 1590 1819 1635; x_wconf 88' lang='lat' dir='ltr'>densum-</span> 
     </span>
     <span class='ocr_line' id='line_1_19' title="bbox 457 1668 1818 1731; baseline 0 -18"><span class='ocrx_word' id='word_1_125' title='bbox 457 1687 541 1730; x_wconf 88' lang='lat' dir='ltr'>que</span> <span class='ocrx_word' id='word_1_126' title='bbox 569 1686 723 1731; x_wconf 84' lang='lat' dir='ltr'>agmen</span> <span class='ocrx_word' id='word_1_127' title='bbox 752 1670 832 1712; x_wconf 90' lang='lat' dir='ltr'>iter</span> <span class='ocrx_word' id='word_1_128' title='bbox 864 1669 1013 1713; x_wconf 89' lang='lat' dir='ltr'>essedo</span> <span class='ocrx_word' id='word_1_129' title='bbox 1041 1670 1224 1724; x_wconf 87' lang='lat' dir='ltr'>faceret,</span> <span class='ocrx_word' id='word_1_130' title='bbox 1251 1669 1418 1712; x_wconf 83' lang='lat' dir='ltr'>dicente</span> <span class='ocrx_word' id='word_1_131' title='bbox 1442 1668 1629 1729; x_wconf 88' lang='lat' dir='ltr'>quodam</span> <span class='ocrx_word' id='word_1_132' title='bbox 1647 1705 1658 1725; x_wconf 92' lang='lat'>,</span> <span class='ocrx_word' id='word_1_133' title='bbox 1687 1690 1708 1711; x_wconf 90' lang='lat'>«</span> <span class='ocrx_word' id='word_1_134' title='bbox 1730 1687 1818 1713; x_wconf 87' lang='lat' dir='ltr'>non</span> 
     </span>
     <span class='ocr_line' id='line_1_20' title="bbox 456 1748 1820 1810; baseline 0.001 -18"><span class='ocrx_word' id='word_1_135' title='bbox 456 1749 716 1792; x_wconf 80' lang='lat' dir='ltr'>mediocrem</span> <span class='ocrx_word' id='word_1_136' title='bbox 751 1749 843 1792; x_wconf 89' lang='lat' dir='ltr'>sore</span> <span class='ocrx_word' id='word_1_137' title='bbox 876 1750 1269 1792; x_wconf 82' lang='lat' dir='ltr'>consternationem</span> <span class='ocrx_word' id='word_1_138' title='bbox 1287 1784 1298 1803; x_wconf 86' lang='lat'>,</span> <span class='ocrx_word' id='word_1_139' title='bbox 1325 1748 1502 1792; x_wconf 87' lang='lat' dir='ltr'>sicunde</span> <span class='ocrx_word' id='word_1_140' title='bbox 1527 1749 1662 1793; x_wconf 88' lang='lat' dir='ltr'>hostis</span> <span class='ocrx_word' id='word_1_141' title='bbox 1687 1766 1820 1810; x_wconf 84' lang='lat' dir='ltr'>appa-</span> 
     </span>
     <span class='ocr_line' id='line_1_21' title="bbox 454 1828 1819 1889; baseline 0 -17"><span class='ocrx_word' id='word_1_142' title='bbox 454 1839 571 1886; x_wconf 89' lang='lat' dir='ltr'>reat,</span> <span class='ocrx_word' id='word_1_143' title='bbox 591 1848 612 1870; x_wconf 85' lang='lat'>»</span> <span class='ocrx_word' id='word_1_144' title='bbox 639 1846 800 1889; x_wconf 88' lang='lat' dir='ltr'>equum</span> <span class='ocrx_word' id='word_1_145' title='bbox 820 1828 934 1872; x_wconf 84' lang='lat' dir='ltr'>illico</span> <span class='ocrx_word' id='word_1_146' title='bbox 955 1829 1233 1886; x_wconf 79' lang='lat' dir='ltr'>conscendit3</span> <span class='ocrx_word' id='word_1_147' title='bbox 1257 1845 1306 1872; x_wconf 89' lang='lat' dir='ltr'>ac</span> <span class='ocrx_word' id='word_1_148' title='bbox 1330 1845 1513 1889; x_wconf 86' lang='lat' dir='ltr'>propere</span> <span class='ocrx_word' id='word_1_149' title='bbox 1546 1846 1741 1874; x_wconf 87' lang='lat' dir='ltr'>reversus</span> <span class='ocrx_word' id='word_1_150' title='bbox 1765 1830 1819 1873; x_wconf 88' lang='lat' dir='ltr'>ad</span> 
     </span>
     <span class='ocr_line' id='line_1_22' title="bbox 457 1908 1818 1970; baseline 0.001 -18"><span class='ocrx_word' id='word_1_151' title='bbox 457 1919 633 1969; x_wconf 87' lang='lat' dir='ltr'>pontes,</span> <span class='ocrx_word' id='word_1_152' title='bbox 658 1919 706 1953; x_wconf 89' lang='lat' dir='ltr'>ut</span> <span class='ocrx_word' id='word_1_153' title='bbox 730 1926 802 1953; x_wconf 91' lang='lat' dir='ltr'>eos</span> <span class='ocrx_word' id='word_1_154' title='bbox 825 1908 1051 1953; x_wconf 89' lang='lat' dir='ltr'>calonibus</span> <span class='ocrx_word' id='word_1_155' title='bbox 1077 1919 1118 1953; x_wconf 88' lang='lat' dir='ltr'>et</span> <span class='ocrx_word' id='word_1_156' title='bbox 1142 1909 1460 1970; x_wconf 87' lang='lat' dir='ltr'>impedimentis</span> <span class='ocrx_word' id='word_1_157' title='bbox 1488 1910 1671 1968; x_wconf 80' lang='lat' dir='ltr'>stipatos</span> <span class='ocrx_word' id='word_1_158' title='bbox 1696 1926 1818 1970; x_wconf 87' lang='lat' dir='ltr'>repe-</span> 
     </span>
     <span class='ocr_line' id='line_1_23' title="bbox 455 1989 1819 2049; baseline 0.001 -19"><span class='ocrx_word' id='word_1_159' title='bbox 455 1989 539 2042; x_wconf 85' lang='lat' dir='ltr'>rit,</span> <span class='ocrx_word' id='word_1_160' title='bbox 562 1989 791 2048; x_wconf 84' lang='lat' dir='ltr'>impatiens</span> <span class='ocrx_word' id='word_1_161' title='bbox 815 2006 973 2046; x_wconf 80' lang='lat' dir='ltr'>morae,</span> <span class='ocrx_word' id='word_1_162' title='bbox 1000 2006 1077 2049; x_wconf 90' lang='lat' dir='ltr'>per</span> <span class='ocrx_word' id='word_1_163' title='bbox 1104 2005 1256 2032; x_wconf 87' lang='lat' dir='ltr'>manus</span> <span class='ocrx_word' id='word_1_164' title='bbox 1283 2005 1331 2030; x_wconf 90' lang='lat' dir='ltr'>ac</span> <span class='ocrx_word' id='word_1_165' title='bbox 1354 2004 1486 2048; x_wconf 90' lang='lat' dir='ltr'>super</span> <span class='ocrx_word' id='word_1_166' title='bbox 1510 1989 1649 2048; x_wconf 87' lang='lat' dir='ltr'>capita</span> <span class='ocrx_word' id='word_1_167' title='bbox 1677 1989 1819 2033; x_wconf 86' lang='lat' dir='ltr'>homi-</span> 
     </span>
     <span class='ocr_line' id='line_1_24' title="bbox 456 2066 1818 2123; baseline 0.003 -14"><span class='ocrx_word' id='word_1_168' title='bbox 456 2084 560 2111; x_wconf 89' lang='lat' dir='ltr'>num</span> <span class='ocrx_word' id='word_1_169' title='bbox 590 2068 821 2112; x_wconf 85' lang='lat' dir='ltr'>translatus</span> <span class='ocrx_word' id='word_1_170' title='bbox 847 2078 924 2112; x_wconf 89' lang='lat' dir='ltr'>est.</span> <span class='ocrx_word' id='word_1_171' title='bbox 954 2071 1059 2111; x_wconf 84' lang='lat' dir='ltr'>Mox</span> <span class='ocrx_word' id='word_1_172' title='bbox 1081 2068 1237 2123; x_wconf 87' lang='lat' dir='ltr'>etiam,</span> <span class='ocrx_word' id='word_1_173' title='bbox 1265 2066 1411 2110; x_wconf 89' lang='lat' dir='ltr'>audita</span> <span class='ocrx_word' id='word_1_174' title='bbox 1439 2067 1676 2112; x_wconf 89' lang='lat' dir='ltr'>rebellione</span> <span class='ocrx_word' id='word_1_175' title='bbox 1707 2070 1818 2113; x_wconf 86' lang='lat' dir='ltr'>Ger-</span> 
     </span>
     <span class='ocr_line' id='line_1_25' title="bbox 455 2146 1816 2208; baseline 0.003 -20"><span class='ocrx_word' id='word_1_176' title='bbox 455 2147 632 2200; x_wconf 78' lang='lat' dir='ltr'>maniae,</span> <span class='ocrx_word' id='word_1_177' title='bbox 656 2147 801 2206; x_wconf 83' lang='lat' dir='ltr'>sugam</span> <span class='ocrx_word' id='word_1_178' title='bbox 830 2156 871 2190; x_wconf 90' lang='lat' dir='ltr'>et</span> <span class='ocrx_word' id='word_1_179' title='bbox 894 2147 1083 2191; x_wconf 87' lang='lat' dir='ltr'>subsidia</span> <span class='ocrx_word' id='word_1_180' title='bbox 1108 2147 1242 2208; x_wconf 83' lang='lat' dir='ltr'>fugae,</span> <span class='ocrx_word' id='word_1_181' title='bbox 1263 2146 1415 2191; x_wconf 87' lang='lat' dir='ltr'>classes</span> <span class='ocrx_word' id='word_1_182' title='bbox 1441 2149 1702 2208; x_wconf 82' lang='lat' dir='ltr'>apparabat3</span> <span class='ocrx_word' id='word_1_183' title='bbox 1730 2166 1816 2193; x_wconf 87' lang='lat' dir='ltr'>uno</span> 
     </span>
     <span class='ocr_line' id='line_1_26' title="bbox 455 2225 1817 2288; baseline 0.001 -19"><span class='ocrx_word' id='word_1_184' title='bbox 455 2225 609 2269; x_wconf 85' lang='lat' dir='ltr'>solatio</span> <span class='ocrx_word' id='word_1_185' title='bbox 631 2227 930 2285; x_wconf 88' lang='lat' dir='ltr'>acquiescens,</span> <span class='ocrx_word' id='word_1_186' title='bbox 953 2228 1261 2271; x_wconf 86' lang='lat' dir='ltr'>transmarinas</span> <span class='ocrx_word' id='word_1_187' title='bbox 1282 2237 1397 2272; x_wconf 88' lang='lat' dir='ltr'>certe</span> <span class='ocrx_word' id='word_1_188' title='bbox 1417 2228 1497 2271; x_wconf 90' lang='lat' dir='ltr'>sibi</span> <span class='ocrx_word' id='word_1_189' title='bbox 1520 2228 1817 2288; x_wconf 85' lang='lat' dir='ltr'>superfuturas</span> 
     </span>
     <span class='ocr_line' id='line_1_27' title="bbox 455 2306 1815 2368; baseline 0.001 -19"><span class='ocrx_word' id='word_1_190' title='bbox 455 2306 728 2366; x_wconf 88' lang='lat' dir='ltr'>provincias,</span> <span class='ocrx_word' id='word_1_191' title='bbox 762 2307 796 2350; x_wconf 89' lang='lat' dir='ltr'>si</span> <span class='ocrx_word' id='word_1_192' title='bbox 835 2307 1020 2350; x_wconf 84' lang='lat' dir='ltr'>victores</span> <span class='ocrx_word' id='word_1_193' title='bbox 1054 2306 1230 2368; x_wconf 84' lang='lat' dir='ltr'>Alpium</span> <span class='ocrx_word' id='word_1_194' title='bbox 1262 2308 1395 2368; x_wconf 84' lang='lat' dir='ltr'>juga,</span> <span class='ocrx_word' id='word_1_195' title='bbox 1435 2317 1482 2350; x_wconf 88' lang='lat' dir='ltr'>ut</span> <span class='ocrx_word' id='word_1_196' title='bbox 1515 2308 1711 2364; x_wconf 89' lang='lat' dir='ltr'>Cimbri,</span> <span class='ocrx_word' id='word_1_197' title='bbox 1751 2306 1815 2350; x_wconf 90' lang='lat' dir='ltr'>vel</span> 
     </span>
     <span class='ocr_line' id='line_1_28' title="bbox 453 2385 1816 2447; baseline 0 -19"><span class='ocrx_word' id='word_1_198' title='bbox 453 2385 584 2429; x_wconf 89' lang='lat' dir='ltr'>etiam</span> <span class='ocrx_word' id='word_1_199' title='bbox 606 2386 793 2443; x_wconf 88' lang='lat' dir='ltr'>Urbem,</span> <span class='ocrx_word' id='word_1_200' title='bbox 824 2397 872 2430; x_wconf 89' lang='lat' dir='ltr'>ut</span> <span class='ocrx_word' id='word_1_201' title='bbox 897 2389 1090 2431; x_wconf 88' lang='lat' dir='ltr'>Senones</span> <span class='ocrx_word' id='word_1_202' title='bbox 1115 2385 1356 2446; x_wconf 88' lang='lat' dir='ltr'>quondam,</span> <span class='ocrx_word' id='word_1_203' title='bbox 1384 2396 1674 2447; x_wconf 81' lang='lat' dir='ltr'>occuparent:</span> <span class='ocrx_word' id='word_1_204' title='bbox 1701 2385 1816 2429; x_wconf 87' lang='lat' dir='ltr'>unde</span> 
     </span>
     <span class='ocr_line' id='line_1_29' title="bbox 453 2465 1815 2527; baseline 0.001 -20"><span class='ocrx_word' id='word_1_205' title='bbox 453 2465 607 2521; x_wconf 87' lang='lat' dir='ltr'>credo,</span> <span class='ocrx_word' id='word_1_206' title='bbox 633 2467 959 2527; x_wconf 89' lang='lat' dir='ltr'>percussoribus</span> <span class='ocrx_word' id='word_1_207' title='bbox 984 2468 1076 2527; x_wconf 85' lang='lat' dir='ltr'>ejus</span> <span class='ocrx_word' id='word_1_208' title='bbox 1102 2478 1247 2527; x_wconf 85' lang='lat' dir='ltr'>postca</span> <span class='ocrx_word' id='word_1_209' title='bbox 1270 2466 1498 2511; x_wconf 88' lang='lat' dir='ltr'>consilium</span> <span class='ocrx_word' id='word_1_210' title='bbox 1523 2477 1672 2510; x_wconf 89' lang='lat' dir='ltr'>natum</span> <span class='ocrx_word' id='word_1_211' title='bbox 1699 2465 1815 2526; x_wconf 90' lang='lat' dir='ltr'>apud</span> 
     </span>
     <span class='ocr_line' id='line_1_30' title="bbox 454 2545 1816 2606; baseline 0.001 -20"><span class='ocrx_word' id='word_1_212' title='bbox 454 2545 771 2590; x_wconf 85' lang='lat' dir='ltr'>tumultuantes</span> <span class='ocrx_word' id='word_1_213' title='bbox 797 2546 952 2590; x_wconf 87' lang='lat' dir='ltr'>milites</span> <span class='ocrx_word' id='word_1_214' title='bbox 980 2546 1268 2603; x_wconf 85' lang='lat' dir='ltr'>ementiendi,</span> <span class='ocrx_word' id='word_1_215' title='bbox 1301 2548 1439 2606; x_wconf 86' lang='lat' dir='ltr'>ipsum</span> <span class='ocrx_word' id='word_1_216' title='bbox 1471 2546 1551 2590; x_wconf 87' lang='lat' dir='ltr'>sibi</span> <span class='ocrx_word' id='word_1_217' title='bbox 1576 2561 1728 2589; x_wconf 88' lang='lat' dir='ltr'>manus</span> <span class='ocrx_word' id='word_1_218' title='bbox 1752 2546 1816 2588; x_wconf 91' lang='lat' dir='ltr'>in·</span> 
     </span>
    </p>
   </div>
   <div class='ocr_carea' id='block_1_2' title="bbox 453 2623 1452 2686">
    <p class='ocr_par' dir='ltr' id='par_1_4' title="bbox 453 2623 1452 2686">
     <span class='ocr_line' id='line_1_31' title="bbox 453 2623 1452 2686; baseline 0.003 -20"><span class='ocrx_word' id='word_1_219' title='bbox 453 2623 624 2679; x_wconf 86' lang='lat' dir='ltr'>tulisse,</span> <span class='ocrx_word' id='word_1_220' title='bbox 650 2627 821 2670; x_wconf 86' lang='lat' dir='ltr'>nuncio</span> <span class='ocrx_word' id='word_1_221' title='bbox 838 2625 957 2670; x_wconf 81' lang='lat' dir='ltr'>malae</span> <span class='ocrx_word' id='word_1_222' title='bbox 983 2643 1137 2686; x_wconf 75' lang='lat' dir='ltr'>pugnae</span> <span class='ocrx_word' id='word_1_223' title='bbox 1163 2628 1452 2685; x_wconf 84' lang='lat' dir='ltr'>perterritum.</span> 
     </span>
    </p>
   </div>
  </div>
 </body>
</html>
