1988 3407
690 263 741 296 IN
772 264 810 296 (j.
843 264 876 296 J.
909 263 1169 297 CAESAREM.
1567 271 1633 309 ¹47

284 340 357 374 Pro
379 340 520 375 Sardis.
543 340 667 387 Hujus
687 340 872 376 orationis
892 340 1124 376 mentionem
1143 339 1258 375 habes
1272 340 1310 374 in
1331 340 1427 386 Cic„
1443 354 1473 376 ιι
1487 370 1496 386 ,
1523 348 1587 388 14,
1601 351 1637 379 et

230 401 351 437 Divin.
383 403 439 437 acl
462 401 492 437 C
490 403 586 437 cecil.
602 429 613 445 ‚
640 415 695 450 19.

282 465 331 498 In
349 465 636 502 Di'vt'natt'onem.
663 466 788 511 Quam
799 464 837 500 in
851 465 1089 501 Dolabellam
1106 463 1291 499 instruxit
1311 464 1443 499 Caesar.
1466 465 1573 509 Quid
1592 466 1638 501 sit

224 526 426 571 divinatio,
454 531 591 564 Ascon.
621 528 673 564 sic
698 527 857 563 edocet:
873 545 888 559 «
906 528 1096 562 Divinatio
1110 526 1252 562 dicitur
1275 526 1421 572 oratio,
1443 527 1534 575 quia
1558 541 1637 564 non

225 589 272 625 de
297 590 396 626 facto
422 591 609 639 quaeritur
631 598 667 625 et
687 590 908 636 conjectura
924 618 933 635 ,
957 589 1023 625 sed
1044 589 1091 624 de
1111 589 1244 624 futuro
1259 618 1269 634 ,
1294 602 1379 638 quae
1402 597 1456 625 est
1483 589 1635 626 divina-

226 651 299 697 tio,
326 660 411 688 uter
436 653 573 689 debeat
596 665 791 697 accusare,
816 652 951 688 Cicero
973 664 1020 687 an
1050 651 1229 687 Caecilius.
1255 667 1270 683 υ

281 716 482 750 Actuariis.
511 716 556 751 Η.
587 728 617 750 e.
647 714 823 758 notariis,
845 714 913 762 qui
935 714 1090 762 publice
1117 714 1220 750 dicta
1245 715 1346 751 notis
1374 715 1636 763 excipiebant,

223 784 259 812 et
283 777 514 825 compendio
529 777 787 825 quorumdam
806 777 1020 827 signorum,
1042 780 1251 815 verborum
1267 777 1344 814 vim
1362 790 1513 815 omnem
1530 791 1636 815 com—

222 839 513 887 prehendebant
540 854 547 875 ε
573 840 621 876 de
648 841 789 889 quibus
819 841 999 889 Martial.,
1017 854 1101 886 xiv,
1125 840 1198 876 208
1220 854 1227 874 ε

366 945 504 976 Currant
522 944 621 976 verba
642 945 731 984 licet,
749 956 860 977 manus
879 951 925 977 est
945 945 1085 976 velocior
1104 945 1180 983 illis;

416 1001 568 1033 Nondum
583 1002 691 1046 lingua
704 1013 795 1034 suum
807 1027 815 1041 ‚
833 1002 945 1034 dextra
960 1001 1083 1046 peregit
1100 1012 1190 1044 opus.

279 1100 438 1146 Quum...
465 1113 586 1136 sermo
599 1102 659 1136 sit.
688 1102 733 1136 H.
756 1113 786 1136 e.
814 1113 935 1148 quum
962 1100 1084 1136 Caesar
1104 1099 1183 1148 ipse
1197 1112 1266 1135 suo
1286 1100 1440 1135 nornine
1453 1112 1527 1147 pro
1547 1102 1635 1136 Me»

218 1162 309 1198 tello
337 1163 522 1210 loquatur
544 1177 550 1197 :
575 1163 627 1198 sic
646 1162 902 1210 Oudendorp.

281 1225 583 1261 Obtrectatorum.
610 1227 657 1262 H.
685 1238 716 1261 e.
747 1226 1076 1271 adversariorum,
1098 1237 1178 1272 quo
1199 1237 1310 1260 sensu
1335 1224 1411 1259 Cic.
1435 1238 1511 1273 pro
1537 1227 1635 1260 Mam

218 1289 304 1330 nil„
324 1301 398 1323 V111
422 1302 429 1322 :
458 1305 472 1320 α
488 1289 642 1323 Anullo
669 1289 853 1334 istorum,
884 1289 951 1336 qui
975 1288 1064 1324 huic
1094 1288 1311 1323 obtrectant
1337 1287 1420 1335 legi.
1457 1304 1471 1318 υ

275 1351 441 1386 Priore...
465 1352 691 1398 posteriore.
716 1373 768 1378 —
794 1352 924 1387 Priore
950 1351 999 1387 ad
1019 1350 1185 1386 Ilerdam
1213 1356 1347 1384 contra
1375 1350 1566 1385 Petreium
1597 1357 1635 1386 et

221 1412 440 1459 Afranium3
454 1415 664 1461 p0.vtet'core
683 1414 730 1449 ad
760 1413 957 1449 Mundam.

274 1476 427 1510 Asinius
458 1476 593 1511 Pollio.
621 1476 720 1511 Vide
740 1489 871 1523 supra,
904 1488 1034 1511 xxxvl.

273 1538 362 1573 Cn.
384 1538 482 1573 LVI.
514 1538 657 1573 Gallici
676 1539 770 1573 belli
791 1539 1043 1573 novissimum.
1066 1536 1122 1572 Cf.
1143 1537 1358 1572 Donwtm..
1409 1536 1565 1572 Dissert.
1586 1537 1634 1571 de

220 1608 375 1636 auctore
389 1601 476 1636 libri
491 1613 565 1636 vul
586 1601 634 1636 de
653 1602 751 1636 Bell.
779 1602 881 1636 Gall.

271 1663 401 1699 Bruto.
422 1663 480 1699 Sc.
508 1663 685 1711 incapite
712 1676 823 1698 Lxxv.

273 1726 492 1761 Historiam.
520 1725 638 1771 Hirt.‚
663 1727 711 1760 de
736 1727 834 1761 Bell.
864 1726 966 1761 Gall.
982 1754 991 1768 ‚
1022 1738 1097 1761 v111
1126 1741 1133 1760 ;
1157 1726 1283 1762 «Sunt
1309 1724 1422 1769 editi,
1445 1737 1494 1760 ne
1509 1723 1634 1760 scien-

217 1787 269 1823 tia
293 1794 484 1823 tantarum
498 1800 629 1823 rerum
655 1788 907 1836 scriptoribus
937 1789 1093 1824 deesset.
1119 1805 1132 1820 »

274 1851 426 1885 Hirtius.
449 1850 534 1885 Scil.
564 1850 602 1884 in
633 1851 736 1897 praef.
768 1851 855 1885 libri
881 1863 954 1885 vui
975 1852 1024 1886 de
1046 1852 1142 1886 Bell.
1179 1852 1281 1886 Gall.

273 1914 331 1947 De
355 1912 550 1959 analogia.
575 1913 690 1955 Gell.‚
723 1925 755 1957 1,
789 1925 832 1947 10
861 1926 868 1946 :
893 1929 906 1943 «ι
921 1915 1048 1960 Atque
1063 1913 1121 1958 id,
1143 1913 1251 1961 quod
1269 1925 1290 1948 a
1316 1913 1478 1957 Caesare,
1495 1912 1633 1947 excel—

218 1974 327 2010 lentis
350 1974 491 2023 ingenii
511 1987 553 2009 ac
577 1974 789 2021 prudentiae
803 1975 906 2021 viro,
933 1976 971 2010 in
994 1975 1120 2022 primo
1145 1975 1193 2011 de
1213 1974 1400 2023 Analogia
1424 1974 1523 2009 libro
1538 1974 1633 2009 scri—

217 2044 325 2085 ptum
361 2045 425 2072 est.
458 2054 471 2067 ·›
501 2038 576 2071 Eos
605 2037 882 2085 conscripserat
911 2039 958 2073 ad
997 2038 1239 2084 Ciceronem,
1268 2051 1314 2073 ex
1352 2037 1485 2072 eodem
1515 2037 1632 2081 Gell.‚

219 2113 305 2144 xix,
320 2100 342 2135 ὃ
369 2113 376 2133 :
394 2116 407 2130 «
433 2100 472 2135 C.
490 2100 611 2135 Caesar
636 2099 698 2135 ille
703 2128 762 2134 .....
788 2099 845 2135 vir
874 2100 1015 2149 ingenii
1035 2100 1306 2148 praecellentis,
1326 2099 1510 2135 sermonis
1529 2111 1630 2146 prae-

218 2170 275 2197 ter
298 2162 391 2197 alios
414 2175 487 2197 suae
518 2162 635 2197 aetatis
663 2162 873 2208 castissimi,
903 2163 939 2197 in
964 2163 1214 2211 libris,.qu0s
1246 2163 1295 2198 ad
1322 2164 1374 2197 M.
1407 2161 1630 2197 Ciceronem

218 2225 266 2260 de
293 2224 477 2273 Analogia
499 2225 731 2272 conscripsit.
759 2241 776 2256 »

273 2288 527 2323 Anticatones.
549 2287 609 2322 Sic
636 2287 759 2322 dictos
774 2287 862 2335 quia
884 2288 921 2323 in
938 2288 1008 2323 illis
1024 2288 1222 2336 respondit
1251 2286 1447 2323 Ciceronis
1474 2286 1629 2329 Catoni,

218 2350 295 2386 sive
315 2350 415 2384 libro
436 2362 514 2397 quo
539 2348 670 2385 laudes
696 2350 850 2386 Catonis
876 2350 1138 2398 descripserat.
1164 2353 1222 2386 De
1244 2349 1316 2385 illis
1345 2349 1489 2384 mentio
1513 2357 1568 2385 est
1593 2349 1632 2384 in

218 2413 389 2449 Juvenal.
407 2441 416 2457 ‚
447 2412 523 2447 Sat.
545 2425 603 2453 νι,
634 2412 718 2449 338.

279 2477 425 2521 Quarto
442 2483 478 2509 et
498 2476 688 2511 vicesimo.
715 2476 927 2512 casaubon.
948 2490 967 2511 e
993 2478 1156 2525 septimo
1176 2485 1211 2512 et
1232 2476 1412 2511 vicesimo
1432 2477 1495 2510 die
1516 2475 1631 2525 legit,

217 2550 264 2573 ex
284 2538 429 2583 Strab.,
459 2550 526 2583 ιη’,
556 2544 574 2581 4
597 2551 604 2572 t
633 2545 718 2578 Φασὶ
738 2542 769 2578 δ’
789 2546 816 2578 οἱ
847 2547 1051 2592 συγγραφεῖς,
1080 2547 1175 2579 ἐλθεῖν
1194 2544 1249 2578 καὶ
1278 2545 1436 2588 Καίσαρα.
1463 2545 1497 2576 ἐκ.
1516 2536 1630 2589 ῥώμπς

219 2607 305 2640 ἑπτὰ
319 2606 375 2640 καὶ
401 2606 515 2639 εἴκοσιν
536 2609 685 2653 «ἡμέραις,
714 2622 743 2640 κ.
768 2622 796 2640 τ.
819 2614 846 2640 λ,
875 2603 992 2648 Quod
1019 2603 1158 2638 refutat
1184 2604 1396 2649 Baumgart.

273 2663 338 2698 Ad
359 2664 543 2712 paginas.
571 2665 616 2699 H.
645 2677 674 2698 e.
710 2665 974 2711 complicatas,
1007 2665 1055 2701 ita
1080 2673 1121 2700 ut
1147 2666 1278 2713 plures
1302 2662 1437 2698 fierent
1461 2662 1627 2712 paginae,

220 2727 351 2775 quales
376 2733 463 2762 sunt
488 2727 673 2762 librorum
703 2734 932 2763 nostrorum.

1323 2810 1394 2839 ΥΟ.
