1988 3407
249 190 291 202 n·
296 192 357 205 Bm
363 193 485 206 mum
489 193 549 206 m
553 192 996 206 &mmmmmssfflss
999 192 1123 204 Smffussu
1126 189 1251 204 §Qum
1254 189 1377 205 mm
1381 192 1441 206 m
1444 192 1567 206 mm}
1573 193 1633 205 λῑὶιὶ

401 365 473 421 D.
517 364 730 421 JUNII
773 359 1221 418 JUVENALIS
1258 361 1471 418 VITA.

833 558 1043 568 *-

243 684 440 766 Jtmms
462 722 736 775 JUVENALIS,
764 715 960 762 libertini
984 715 1217 778 locupletis
1242 717 1464 762 incertum
1493 716 1633 776 filius,

243 818 298 846 an
323 800 554 858 alumnus,
580 799 635 844 ad
660 799 850 844 mediam
877 798 967 843 fere
988 807 1161 842 aetatem
1181 797 1471 856 declamavit,
1496 799 1633 843 animi

242 883 381 944 magis
406 897 560 940 causa,
586 897 720 942 quam
749 879 870 942 quod
891 878 1050 924 scholae
1070 895 1113 922 se
1135 889 1210 923 aut
1231 879 1328 923 foro
1350 889 1632 942 praepararet.

240 962 409 1007 Deinde
445 978 692 1024 paucorum
721 977 931 1005 versuum
962 961 1095 1004 satira
1119 977 1209 1004 non
1236 960 1425 1004 absurde
1452 977 1633 1023 compo-

241 1044 321 1088 sita
354 1044 398 1088 in
428 1042 632 1088 Paridem
665 1043 990 1104 pantomimum
1025 1051 1289 1104 poetamque
1317 1038 1513 1104 [Claudii
1543 1042 1633 1087 Ne-

240 1125 382 1180 ronis,
401 1125 494 1186 ejus
511 1123 796 1168 semestribus
819 1121 1031 1167 militiolis
1053 1120 1339 1186 tumentem]‚
1362 1138 1500 1183 genus
1529 1123 1635 1167 scri-

241 1215 380 1266 pturae
405 1204 621 1249 industrie
648 1203 855 1249 excoluit.
884 1206 939 1248 Et
963 1213 1109 1248 tamen
1135 1203 1247 1247 bene
1273 1202 1348 1247 diu
1379 1220 1434 1247 ne
1455 1203 1632 1248 modico

238 1286 419 1347 quidem
447 1285 668 1330 auditorio
695 1287 931 1346 quicquam
963 1285 1239 1329 committere
1266 1294 1330 1328 est
1354 1300 1497 1328 ausus.
1524 1286 1633 1329 Mox

238 1384 399 1430 magna
421 1367 689 1428 frequentia,
712 1383 964 1428 magnoque
984 1382 1183 1410 successu
1205 1365 1268 1409 bis
1293 1381 1341 1408 ac
1368 1375 1435 1410 ter
1455 1365 1633 1409 auditus

237 1459 326 1503 est,
352 1459 401 1493 ut
426 1465 476 1493 ea
499 1465 704 1509 quoque,
729 1464 825 1508 quae
860 1449 1001 1508 prima
1029 1447 1216 1501 fecerat,
1246 1446 1469 1491 inferciret
1508 1447 1633 1490 novis

237 1530 411 1592 scriptis
436 1546 445 1573 :

335 1641 453 1686 Quod
473 1654 554 1677 non
578 1641 669 1677 dant
689 1653 887 1689 procereS,
911 1641 1018 1676 dabit
1044 1640 1178 1675 histrio
1200 1654 1207 1674 :
1232 1647 1271 1675 tu
1299 1640 1541 1686 Camerinos,

334 1704 382 1739 Et
407 1704 542 1739 Bareas
559 1732 568 1749 ,
598 1711 637 1738 tu
662 1703 848 1739 nobilium
873 1716 1008 1750 magna
1037 1703 1129 1738 atria
1159 1715 1276 1738 curas.

341 1765 537 1802 Praefectos
563 1766 724 1814 Pelopea
748 1766 859 1811 facit,
888 1766 1098 1801 Philomela
1127 1766 1309 1801 tribunos.

236 1870 343 1911 Erat
376 1877 471 1911 tum
507 1867 550 1910 in
582 1866 749 1912 deliciis
784 1866 893 1911 aulae
929 1868 1108 1921 histrio3
1148 1866 1367 1927 multique
1405 1868 1630 1912 fautorum

235 1948 325 2008 ejus
356 1947 555 2008 quotidie
592 1948 966 2009 provehebantur.
1005 1949 1139 1991 Venit
1177 1964 1283 2008 ergo
1318 1946 1543 1992 ‚Iuvenalis
1587 1950 1631 1991 in

235 2028 550 2089 suspicionem,
571 2030 696 2090 quasi
716 2038 913 2090 tempora
935 2027 1122 2090 figurate
1143 2038 1341 2071 notasset
1370 2045 1378 2071 :
1403 2044 1452 2072 ac
1479 2029 1626 2072 statim

236 2126 312 2170 per
342 2109 557 2153 honorem
603 2108 796 2166 militiae,
835 2125 1102 2170 quamquam
1143 2110 1474 2170 octogenariuS,
1511 2109 1631 2153 Urbe

237 2200 513 2247 summotus,
544 2191 791 2250 missusque
818 2190 870 2233 ad
898 2189 1206 2250 praefecturam
1240 2190 1461 2244 cohortis,
1490 2191 1533 2233 in
1561 2206 1631 2233 ex-

237 2280 371 2314 trema
393 2271 568 2332 AEgypti
591 2280 715 2331 parte
734 2270 968 2314 tendentis.
991 2270 1039 2313 Id
1064 2268 1268 2331 supplicii
1291 2288 1429 2332 genus
1448 2270 1629 2331 placuit,

236 2362 281 2395 ut
305 2351 386 2396 levi
411 2363 541 2413 atque
561 2352 749 2413 joculari
775 2351 935 2396 delicto
958 2369 1035 2413 par
1056 2362 1178 2396 esset.
1201 2354 1368 2397 Verum
1394 2354 1510 2396 intra
1531 2353 1628 2396 bre-

235 2434 458 2476 vissimum
485 2443 658 2493 tempus
687 2450 849 2493 angore
879 2443 921 2475 ct
951 2431 1077 2476 taedio
1106 2433 1247 2493 periit.

775 2605 782 2607 >
811 2600 1135 2614 -——--—-*-
