1971 3342
389 236 435 275 48
926 232 964 266 C.
998 232 1054 267 st]
1061 232 1193 267 ETON
1197 233 1210 267 1
1216 232 1231 266 Ι

386 329 528 373 serat,
555 334 643 361 non
678 328 779 362 ante
809 316 1086 373 succensuit,
1111 332 1244 376 quam
1282 314 1642 361 altercationibus
1667 318 1781 362 inso-

387 398 643 443 lentissimis
682 415 804 459 paene
844 398 887 440 in
931 397 1131 440 ordinem
1174 396 1391 440 redactus.
1417 399 1548 441 Hunc
1579 414 1781 458 quoque,

385 480 588 541 quamvis
616 478 858 541 relegatum
886 479 1055 539 primo,
1082 477 1241 521 deinde
1275 488 1318 522 et
1353 476 1541 522 interfici
1569 479 1744 539 jussum
1764 515 1775 537 ,

386 562 534 623 magni
550 561 779 605 aestimavit
793 575 970 604 servare
985 575 1165 619 quoquo
1179 558 1327 614 modo,
1344 559 1502 615 missis,
1518 560 1594 619 qui
1607 576 1783 619 percus-

386 659 505 686 sores
528 651 807 698 revocarent3
827 650 869 684 et
892 649 1126 695 servasset,
1148 640 1253 696 nisi,
1277 641 1365 701 jam
1388 641 1565 701 perisse,
1588 639 1696 686 falso
1714 659 1782 686 re-

386 724 642 767 nunciatum
657 732 780 766 esset.
797 724 1005 766 Ceterum
1021 737 1162 781 neque
1175 720 1291 764 caede
1306 721 1567 781 cujusquam
1583 738 1780 783 unquam

387 803 581 860 laetatus,
603 804 732 864 justis
761 801 989 863 suppliciis
1010 800 1301 862 illacrymavit
1323 802 1455 845 etiam
1475 812 1518 846 et
1548 803 1780 864 ingemuit.

449 888 572 930 XVI.
598 883 699 929 Sola
727 893 814 939 est,
846 885 889 927 in
914 899 1000 943 qua
1034 883 1191 926 merito
1220 881 1444 944 culpetur,
1473 885 1670 943 pecuniae
1698 902 1779 929 cu-

385 966 557 1027 piditas.
588 967 689 1010 Non
715 965 832 1008 enim
855 973 1091 1008 contentus
1115 964 1276 1007 omissa
1302 964 1382 1007 sub
1412 963 1555 1008 Galba
1586 966 1781 1026 vectiga-

385 1046 441 1090 lia
473 1062 720 1100 revocasse,
752 1062 865 1088 nova
891 1055 933 1088 et
957 1045 1107 1106 gravia
1140 1043 1358 1088 addidisse
1376 1079 1387 1099 ,
1415 1045 1587 1088 auxisse
1611 1046 1777 1090 tributa

385 1126 648 1188 provinciis,
678 1124 903 1169 nonnullis
933 1134 975 1168 et
1001 1123 1274 1184 duplicasse3
1310 1124 1633 1185 negotiationes
1671 1142 1778 1185 quo-

382 1225 497 1268 que,
539 1206 606 1251 vel
644 1207 819 1268 privato
859 1204 1112 1266 pudendas,
1154 1203 1385 1265 propalam
1422 1205 1645 1261 exercuit,
1685 1222 1784 1250 coe-

384 1290 546 1334 mendo
581 1288 782 1350 quaedam
816 1297 1016 1343 tantum,
1057 1297 1103 1330 ut
1138 1285 1279 1347 pluris
1309 1296 1461 1347 postea
1496 1286 1780 1332 distraheret.

384 1373 452 1417 Ne
489 1369 733 1415 candidatis
771 1368 947 1429 quidem
977 1368 1195 1423 honores,
1231 1368 1396 1420 reisve,
1436 1377 1524 1411 tam
1562 1368 1780 1426 innoxiis,

385 1468 518 1512 quam
548 1450 830 1505 nocentibus,
856 1447 1155 1492 absolutiones
1184 1447 1413 1491 venditare
1439 1458 1671 1493 cunctatus
1700 1460 1780 1493 est.

384 1532 591 1578 Creditur
613 1531 743 1575 etiam
764 1538 1105 1590 procuratorum
1129 1528 1461 1589 rapacissimum
1488 1546 1706 1590 quemque
1724 1530 1779 1574 ad

384 1612 597 1674 ampliora
642 1611 788 1655 officia
821 1627 873 1654 ex
905 1608 1121 1653 industria
1165 1608 1318 1652 solitus
1358 1626 1647 1670 promovere,
1687 1628 1776 1671 quo

385 1692 696 1754 locupletiores
726 1709 829 1735 mox
860 1690 1177 1734 condemnaret
1208 1707 1216 1733 ε
1250 1690 1411 1750 quibus
1437 1690 1617 1750 quidem
1644 1690 1778 1752 vulgo

383 1796 403 1817 «
427 1793 507 1837 pro
528 1774 723 1835 spongiis
747 1792 767 1813 >³
807 1772 1036 1815 dicebatur
1060 1790 1080 1811 «
1100 1771 1183 1826 uti,
1203 1790 1223 1811 »
1256 1770 1377 1830 quod
1410 1772 1534 1830 quasi
1573 1782 1617 1816 et
1641 1773 1779 1818 siccos

384 1855 699 1910 madefaceret,
735 1862 779 1896 et
820 1852 1085 1912 exprimeret
1110 1851 1356 1894 humentes.
1381 1851 1579 1908 Quidam
1618 1864 1777 1900 natura

383 1936 718 1998 cupidissimum
736 1932 941 1988 tradunt,
967 1932 1099 1993 idque
1122 1932 1439 1993 exprobratum
1468 1933 1506 1976 ei
1531 1950 1555 1976 a
1581 1950 1681 1978 sene
1706 1936 1782 1980 bu-

383 2016 540 2073 bulco,
571 2017 671 2077 qui,
699 2024 856 2076 negata
892 2013 974 2057 sibi
1003 2013 1195 2074 gratuita
1224 2011 1450 2069 libertate,
1480 2030 1613 2073 quam
1638 2015 1781 2077 impe-

383 2100 498 2142 rium
522 2097 732 2157 adeptum
756 2093 1014 2156 suppliciter
1037 2093 1220 2149 orabat,
1242 2092 1606 2153 proclamaverit,
1630 2115 1651 2136 c<
1672 2095 1783 2140 Vul-

385 2196 485 2239 pem
509 2177 649 2239 pilum
682 2186 880 2229 mutare,
906 2192 995 2219 non
1017 2191 1174 2218 mores.
1196 2194 1216 2214 n
1241 2176 1357 2218 Sunt
1377 2184 1555 2231 contra,
1583 2177 1659 2236 qui
1685 2179 1780 2239 opi-

386 2269 564 2315 nentur,
590 2257 645 2302 ad
672 2257 903 2300 manubias
918 2265 961 2299 et
987 2256 1164 2316 rapinas
1192 2256 1450 2299 necessitate
1473 2256 1751 2318 compulsum
1770 2294 1781 2314 ,

383 2356 555 2383 summa
592 2338 733 2382 cerarii
768 2337 948 2397 fiscique
991 2336 1144 2396 inopia
1179 2353 1188 2379 :
1220 2335 1274 2380 de
1307 2353 1394 2397 qua
1432 2337 1685 2383 testificatus
1726 2341 1781 2382 sit

386 2422 510 2464 initio
558 2420 703 2463 statim
746 2418 1017 2479 principatus
1034 2453 1044 2473 ,
1089 2417 1331 2477 professus,
1374 2438 1395 2458 α
1418 2418 1777 2480 quadringenties

385 2501 539 2545 millies
580 2517 693 2561 opus
729 2516 849 2555 esse,
888 2508 938 2542 ut
974 2497 1223 2558 respublica
1254 2509 1369 2542 stare
1412 2510 1611 2559 posset.»
1641 2500 1775 2555 Quod

385 2592 425 2625 et
463 2580 744 2625 verisimilius
775 2578 975 2634 videtur,
1005 2577 1182 2638 quando
1218 2589 1260 2622 et
1299 2578 1410 2623 male
1437 2580 1571 2640 partis
1610 2581 1779 2640 optime

385 2679 489 2706 usus
510 2672 584 2705 est.
