1988 3407
478 247 545 281 DE
576 245 904 282 ILLUSTRIBUS
934 246 1302 281 GRAMMATICIS.
1539 244 1585 279 81²>

198 329 320 383 dem,
343 345 476 390 quem
503 332 685 374 Lenaeus
711 328 916 373 Melissus
941 344 1019 389 per
1043 328 1367 373 cavillationem
1398 331 1590 375 nominis

197 408 340 461 Πανές
363 407 581 470 ἀγάπημα
599 410 725 466 dicit,
741 409 940 453 ducentis
955 407 1150 453 millibus
1168 426 1401 453 nummum
1418 411 1591 467 Quinto

196 491 360 536 Catulo
389 503 581 547 emtum,
606 508 654 535 ac
682 491 803 534 brevi
830 491 1150 534 manumissum
1183 507 1191 533 :
1221 491 1410 534 Lucium
1437 494 1590 552 Appu-

198 571 330 616 leium
355 572 410 617 ab
433 573 572 618 Eficio
594 571 807 628 Calvino,
832 572 983 634 equite
1010 587 1194 615 romano
1218 570 1466 632 praedivite,
1487 589 1592 632 qua-

199 652 427 714 dringenis
452 653 609 697 annuis
633 652 927 706 conductum,
952 650 1116 696 multos
1137 651 1376 696 edocuisse.
1406 654 1522 698 Nam
1548 654 1591 697 in

197 735 445 794 provincias
483 750 660 794 quoque
701 733 987 795 grammatica
1028 743 1357 794 penetraverat,
1393 750 1444 779 ac
1478 751 1593 778 non-

196 814 306 859 nulli
327 814 380 859 de
394 815 631 859 notissimis
645 814 903 859 doctoribus
922 831 1106 876 peregre
1124 814 1387 872 docuerunt,
1404 817 1593 861 maxime.

197 897 241 940 in
273 894 419 941 Gallia
449 897 618 957 Togata
649 912 659 939 z
698 896 814 940 inter
840 912 950 957 quos
988 897 1201 940 Octavius
1228 897 1414 954 Teucer,
1451 907 1495 941 et
1523 899 1593 942 Si-

196 977 400 1022 scennius
427 976 634 1035 Iacchus,
656 986 699 1021 et
721 976 895 1039 Oppius
920 977 1084 1022 Chares
1111 994 1120 1021 ε
1152 977 1224 1021 hic
1244 977 1424 1039 quidem
1450 978 1506 1022 ad
1530 978 1595 1023 ul-

192 1059 344 1103 timam
370 1068 565 1113 aetatem,
590 1068 634 1102 et
661 1075 800 1120 quum
824 1059 917 1119 jam
939 1075 1028 1103 non
1053 1075 1206 1120 gressu
1232 1059 1364 1104 modo
1390 1059 1595 1104 deficere-

194 1150 281 1195 tur,
308 1139 385 1184 sed
412 1150 456 1184 et
481 1141 591 1185 visu.

257 1222 336 1266 IV.
373 1221 627 1282 Appellatio
652 1226 1053 1284 gramnzaticorwn
1095 1239 1236 1284 graeca
1272 1223 1593 1267 consuetudine

193 1300 404 1356 invaluit;
433 1301 506 1346 sed
538 1303 665 1347 initio
691 1303 876 1348 litterati
899 1304 1184 1348 vocabantur.
1213 1303 1448 1349 Cornelius
1477 1322 1590 1365 quo—

191 1399 276 1443 que
299 1383 447 1444 Nepos
473 1384 518 1426 in
544 1382 714 1440 libello,
749 1400 838 1445 quo
868 1383 1102 1445 distinguit
1125 1384 1372 1429 litleratzcm
1403 1386 1457 1428 ab
1488 1403 1591 1430 eru·-

192 1463 308 1519 dc'to,
349 1463 608 1508 «litteratos
647 1463 827 1524 quidem
856 1464 991 1526 vulgo
1025 1463 1256 1526 appellari,
1278 1485 1298 1506 »
1333 1467 1414 1522 ait,
1448 1485 1469 1507 «
1489 1483 1591 1523 eos,

193 1545 269 1606 qui
296 1543 464 1606 aliquid
503 1544 740 1607 diligenter
769 1555 814 1590 et
845 1556 972 1590 acute
1007 1546 1285 1607 scienterque
1314 1548 1483 1607 possint
1514 1558 1593 1592 aut

192 1625 360 1682 dicere,
394 1637 471 1672 aut
504 1627 696 1671 scribere
724 1645 733 1671 :
770 1637 965 1672 ceterum
1002 1629 1182 1689 proprie
1210 1628 1271 1672 sic
1304 1627 1591 1690 appellandos

195 1718 426 1769 poetarum
456 1709 745 1769 interpretes,
769 1709 844 1769 qui
877 1725 901 1752 a
933 1710 1099 1755 Graecis
1128 1716 1426 1768 γραμματικοί
1449 1712 1593 1754 norni—

195 1798 372 1832 nentur.
395 1809 414 1830 n
441 1788 630 1833 Eosdem
660 1789 928 1833 litteralores
952 1791 1190 1847 vocitatos,
1216 1791 1403 1836 Messala
1431 1793 1591 1837 Corvi-

193 1885 276 1912 nus
308 1870 351 1912 in
386 1868 576 1929 quadarn
605 1869 788 1930 epistola
818 1869 1035 1927 ostendit,
1066 1890 1086 1912 ι(
1107 1888 1197 1915 non
1222 1889 1314 1916 esse
1349 1873 1454 1928 sibi,
1473 1894 1494 1914 »
1521 1873 1590 1917 di-

193 1966 318 2004 cens,
343 1969 363 1990 ε(
387 1966 477 1993 rem
506 1966 607 1994 cum
633 1950 769 1994 Furio
801 1949 1039 2008 Bibaculo,
1074 1968 1154 1996 nec
1184 1969 1284 1996 cuni
1312 1953 1462 2014 Sigida
1489 1955 1588 2015 qui-

193 2030 290 2073 dem
307 2065 318 2085 ,
348 2040 421 2074 aut
449 2029 692 2075 litteratore
712 2032 882 2075 Catone
907 2049 916 2075 ε
938 2051 958 2072 >2
985 2031 1202 2093 significat
1224 2034 1341 2077 enim
1371 2034 1489 2078 haud
1517 2034 1591 2079 du-

193 2111 264 2155 bie
291 2110 517 2156 Valerium
542 2113 783 2169 Catonem,
810 2123 987 2174 poetam
1013 2113 1142 2157 simul
1163 2116 1590 2176 grammaticumque

195 2192 490 2236 notissimum.
536 2194 674 2248 Sunt,
713 2194 787 2254 qui
818 2192 1061 2238 litteratum
1097 2211 1122 2238 a
1158 2193 1403 2239 litteratore
1430 2196 1588 2240 distin-

193 2282 352 2333 guant,
381 2283 428 2316 ut
451 2274 596 2317 Graeci
625 2275 964 2335 grammaticum
985 2292 1009 2319 a
1039 2277 1366 2337 grammatista3
1395 2287 1438 2321 et
1461 2275 1585 2321 illum

191 2353 369 2414 quidem
395 2353 618 2411 absolute,
648 2355 767 2399 hunc
793 2356 1073 2401 mediocriter
1097 2357 1276 2402 doctum
1306 2360 1553 2403 existiment
1579 2377 1587 2402 ε

192 2451 381 2495 quorum
419 2436 673 2495 opinionem
704 2435 900 2481 Orbilius
927 2438 1058 2481 etiam
1088 2437 1299 2499 exemplis
1335 2439 1586 2483 confirmat.

193 2515 307 2559 Nam
325 2549 336 2570 ,
358 2514 515 2575 «apud
542 2515 750 2576 majores,
773 2536 793 2558 ³)
816 2517 897 2573 ait,
922 2537 943 2558 «
965 2534 1102 2578 quum
1125 2517 1292 2561 familia
1313 2517 1499 2578 alicujus
1523 2536 1590 2563 ve-

195 2594 304 2639 nalis
332 2595 679 2656 produceretur,
715 2614 802 2641 non
846 2608 1005 2643 temere
1035 2616 1166 2659 quem
1194 2598 1433 2644 litteratum
1460 2601 1502 2644 in
1534 2602 1587 2643 ti-

194 2675 309 2733 tulo,
339 2676 436 2733 sed,
460 2676 749 2722 litteratorem
782 2679 958 2723 inscribi
986 2678 1163 2724 solitum
1195 2697 1286 2724 esse
1315 2698 1323 2724 :
1350 2682 1474 2741 quasi
1498 2698 1586 2725 non

1364 2761 1411 2803 6.
