1988 3439
706 266 968 300 CLAUDIUS.
1443 282 1512 314 207

221 349 294 393 lx.
332 349 415 393 Sed
448 366 500 394 ne
534 348 853 393 discriminibus
887 348 1063 408 quidem
1106 352 1245 394 cau-uit
1273 369 1280 393 :
1325 353 1512 412 primum

156 430 198 471 in
229 429 321 489 ipso
345 428 590 482 consulatu,
610 427 728 488 quod
748 429 932 473 Neronis
956 439 998 472 et
1022 430 1153 473 Drusi
1170 464 1181 484 ,
1210 430 1391 475 fratrum
1419 436 1510 477 Cae-

153 510 281 565 saris,
307 519 466 554 statuas
494 509 666 570 segnius
704 508 908 554 locandas
947 509 1258 570 ponendasque
1294 523 1512 567 curasset,

153 605 273 649 paene
297 590 461 634 honore
491 597 732 633 summotus
755 599 838 644 est;
865 589 1042 645 deinde,
1069 599 1275 634 extraneo
1299 590 1362 634 vel
1383 593 1510 636 etiam

153 668 490 714 domesticorum
529 668 676 730 aliquo
718 669 965 726 deferente,
1001 669 1171 714 assidue
1198 671 1403 730 varieque
1446 673 1510 715 in-

152 749 383 809 quietatus.
437 748 586 805 Quum
618 766 721 793 vero
745 749 914 793 detecta
940 759 1049 793 esset
1070 748 1222 810 Lepidi
1245 759 1286 793 et
1312 750 1514 794 Gaetulici

151 830 416 890 conjuratio,
441 831 595 875 missus
621 831 664 874 in
694 832 975 875 Germaniam
1005 831 1119 874 inter
1147 829 1311 891 legatos
1338 830 1393 874 ad
1417 848 1514 892 gra-

154 909 408 966 tulandum,
444 911 574 954 etiam
608 911 704 954 vitae
739 909 980 972 periculum
1011 910 1149 954 adiit:
1177 909 1432 971 indignante
1466 927 1515 954 ae

151 989 360 1035 fremente
381 992 502 1046 Caio,
523 1000 726 1052 patruum
746 991 1020 1052 potissimum
1034 990 1089 1034 ad
1110 1007 1152 1034 se
1173 991 1366 1047 missum,
1391 992 1515 1050 quasi

151 1069 205 1113 ad
224 1086 407 1130 puerum
437 1070 700 1132 regendum3
727 1069 858 1126 adeo,
881 1080 930 1114 ut
954 1087 1040 1118 non
1063 1069 1301 1124 defuerint,
1329 1071 1403 1130 qui
1425 1081 1512 1114 tra-

151 1149 330 1208 derent,
360 1151 676 1211 praecipitatum
711 1167 884 1211 quoque
916 1152 959 1194 in
993 1150 1174 1205 flumen,
1200 1151 1310 1194 sicut
1338 1152 1516 1194 vestitus

152 1229 396 1274 advenerat.
423 1235 563 1290 Atque
591 1247 641 1274 ex
662 1247 712 1274 co
739 1247 963 1291 nunquam
987 1231 1136 1274 nonin
1157 1240 1308 1274 senatu
1336 1231 1517 1274 novissi-

154 1327 250 1354 mus
290 1310 582 1354 consularium
627 1312 884 1354 sententiam
927 1311 1055 1366 dixit,
1092 1311 1340 1371 ignominize
1383 1328 1511 1355 causa

152 1400 251 1450 post
271 1406 419 1434 omnes
444 1392 746 1451 interrogatus.
774 1392 919 1435 Etiam
944 1392 1134 1451 cognitio
1158 1390 1251 1434 falsi
1269 1393 1514 1435 testamenti

151 1479 324 1530 recepta
348 1479 432 1524 est,
466 1470 508 1513 in
546 1487 632 1530 quo
658 1480 700 1514 et
729 1471 819 1530 ipse
844 1471 1100 1531 signaverat.
1130 1473 1355 1514 Postremo
1384 1472 1512 1514 etiam

151 1550 395 1593 sestertium
427 1551 617 1611 octogies
641 1567 721 1611 pro
747 1550 926 1594 introitu
952 1551 1054 1594 novi
1082 1550 1314 1593 sacerdotii
1342 1561 1517 1594 coactus

151 1629 425 1690 impendere,
457 1629 510 1673 ad
544 1646 614 1674 eas
645 1631 707 1674 rei
732 1629 956 1674 familiaris
984 1631 1208 1691 angustias
1231 1630 1415 1686 decidit,
1444 1641 1517 1687 ut,

149 1725 285 1768 quum
326 1708 563 1770 obligatam
602 1711 755 1753 aerario
792 1709 920 1754 fidem
955 1709 1140 1754 liberare
1174 1727 1260 1754 non
1290 1721 1452 1771 posset,
1475 1712 1518 1754 in

152 1804 342 1832 vacuum
368 1788 462 1850 lege
487 1789 763 1850 praediatoria
797 1789 959 1835 venalis
995 1789 1250 1851 pependerit
1275 1791 1354 1834 sub
1377 1790 1517 1835 edicto

149 1867 466 1928 praefectorum.

213 1951 269 1992 X.
306 1950 388 1993 Per
419 1949 509 1993 baec
551 1966 600 1994 ac
630 1949 731 1994 talia
761 1952 946 1994 maxima
973 1952 1108 1995 aetatis
1134 1961 1256 2011 parte
1276 1961 1516 2008 transacta,

148 2029 507 2091 quinquagesimo
528 2046 643 2074 anno
665 2031 893 2091 imperium
920 2034 1054 2092 cepit,
1079 2032 1359 2092 quantumvis
1385 2033 1517 2075 mira-

151 2107 228 2152 bili
255 2125 370 2153 casu.
397 2108 610 2154 Exclusus
640 2110 752 2154 inter
773 2120 936 2154 ceteros
961 2112 1015 2154 ab
1044 2111 1370 2155 insidiatoribus
1398 2112 1516 2167 Caii,

151 2203 308 2248 quum,
345 2190 467 2248 quasi
505 2199 717 2233 secretum
738 2206 789 2234 eo
809 2189 1097 2248 desiderante,
1117 2191 1290 2234 turbam
1324 2208 1516 2234 summo-

149 2276 322 2323 verent,
350 2268 392 2311 in
415 2267 582 2312 diaetam
598 2303 609 2323 ,
630 2270 698 2312 cui
717 2286 873 2313 nomen
896 2281 958 2313 est
977 2273 1220 2314 Hermaeum
1236 2305 1246 2325 ,
1269 2283 1513 2316 recesserat.

150 2349 304 2408 Neque
334 2347 472 2392 multo
506 2359 601 2409 post
633 2365 805 2393 rumore
842 2349 970 2393 caedis
1007 2353 1259 2406 exterritus,
1298 2354 1517 2412 prorepsit

149 2427 203 2471 ad
222 2427 427 2472 solarium
463 2430 708 2489 proximum
725 2464 736 2483 ,
769 2430 966 2489 interque
999 2439 1205 2489 praetenta
1231 2431 1395 2474 foribus
1422 2431 1515 2475 vela

148 2524 193 2552 se
226 2507 392 2552 abdidit
419 2525 428 2551 :
456 2507 659 2552 latentem
695 2509 939 2552 discurrens
971 2510 1079 2552 forte
1118 2511 1338 2570 gregarius
1373 2511 1513 2565 miles,

149 2587 457 2632 animadversis
472 2588 670 2649 pedibus,
687 2606 710 2632 e
728 2588 871 2633 studio
887 2590 1148 2644 sciscitandi,
1168 2591 1366 2650 quisnam
1390 2601 1512 2645 esset,

149 2669 350 2728 agnovit,
372 2678 718 2728 extractumque,
746 2679 788 2712 et
816 2686 901 2729 prce
931 2680 1048 2713 nictu
1069 2670 1120 2712 ad
1138 2686 1276 2730 genna
1299 2671 1381 2713 sibi
1397 2672 1508 2714 acci-
