1971 3342
391 237 460 275 124
908 242 946 274 C.
977 240 1208 275 SUETONH

388 317 524 373 renti,
556 319 724 363 veniam
762 320 892 364 dedit.
926 322 1046 378 Quin
1078 334 1119 366 et
1146 321 1408 384 pertinacius
1438 319 1719 365 retinentibus
1739 353 1750 375 ⁷

387 396 484 439 cibo
518 414 595 458 per
625 401 908 459 quatriduum
940 402 1161 446 abstinuit.
1199 405 1328 446 Facta
1363 400 1536 445 tandem
1565 399 1752 444 abeundi

387 485 615 535 potestate,
636 479 793 524 relictis
812 484 958 525 Romae
980 498 1116 526 uxore
1139 492 1181 525 et
1204 481 1314 539 filio,
1343 481 1565 526 confestim
1584 480 1753 525 Ostiam

387 555 631 615 descendit3
676 576 729 603 ne
768 561 900 604 verbo
941 562 1116 621 quidem
1157 563 1361 622 cuiquam
1398 560 1753 621 prosequentium

386 635 577 694 reddito,
606 655 853 699 paucosque
876 640 1110 684 admodum
1133 642 1177 684 in
1204 641 1398 702 digressu
1422 638 1708 684 exosculatus.

447 719 525 759 XI.
562 718 627 762 Ab
666 720 788 764 Ostia
815 736 937 763 oram
970 722 1219 782 Campaniae
1254 721 1426 783 legens,
1462 718 1756 764 imbecillitate

384 798 569 857 Augusti
596 800 827 857 nunciata,
856 799 1035 861 paulum
1066 801 1268 845 substitit.
1301 801 1386 845 Sed
1414 801 1756 845 increbrescente

384 894 585 933 rumore,
613 880 734 938 quasi
759 880 813 923 ad
842 882 1114 925 occasionem
1144 882 1320 941 majoris
1347 882 1437 942 spei
1469 897 1757 925 commorare-

385 967 475 1012 tur,
502 967 671 1002 tantum
698 977 786 1004 non
811 960 1001 1005 adversis
1026 962 1354 1022 tempestatibus
1383 960 1590 1005 Rhodum
1613 960 1757 1004 enavi-

385 1039 521 1097 gavit,
548 1041 796 1083 amoenitate
825 1050 866 1084 et
891 1040 1143 1085 salubritate
1166 1041 1316 1085 insulae
1339 1042 1429 1101 jam
1456 1040 1556 1084 inde
1579 1050 1756 1100 captus,

384 1133 516 1176 quum
539 1119 591 1161 ad
607 1136 700 1162 eam
721 1120 774 1162 ab
788 1122 994 1164 Armenia
1010 1121 1182 1164 rediens
1199 1120 1451 1181 appulisset.
1470 1120 1554 1163 Hic
1574 1119 1755 1162 modicis

385 1206 615 1241 contentus
640 1198 802 1243 aedibus
818 1233 829 1255 ⁷
854 1217 933 1244 nec
960 1199 1098 1244 multo
1129 1200 1290 1244 laxiore
1317 1200 1594 1257 suburbanO,
1622 1215 1756 1260 genus

386 1277 482 1320 vitae
520 1278 643 1322 civile
681 1279 917 1324 admodum
953 1282 1168 1336 instituit,
1196 1282 1286 1324 sine
1314 1279 1465 1324 lictore
1491 1290 1567 1324 aut
1594 1280 1759 1323 viatore

384 1359 607 1417 gymnasia
637 1360 855 1403 interdum
888 1360 1200 1416 obambulans,
1235 1370 1475 1419 mutuaque
1510 1376 1610 1403 cum
1637 1360 1759 1403 Grae-

385 1437 493 1481 culis
519 1438 661 1482 officia
689 1457 933 1500 usurpans,
962 1457 1098 1500 prope
1130 1457 1182 1483 ex
1215 1457 1350 1500 aequo.
1384 1442 1514 1483 Forte
1539 1438 1758 1499 quondam

385 1519 426 1561 in
458 1519 727 1579 disponendo
754 1520 823 1564 die
850 1538 976 1565 mane
1000 1521 1283 1582 praedixerat,
1311 1520 1519 1581 quicquid
1545 1537 1760 1581 aegrorum

385 1601 428 1642 in
459 1600 630 1644 civitate
659 1611 792 1658 esset,
822 1603 996 1646 visitare
1029 1619 1073 1646 se
1106 1602 1214 1646 velle
1243 1619 1251 1645 :
1282 1602 1325 1645 id
1355 1619 1379 1646 a
1404 1602 1611 1663 proximis
1638 1600 1761 1644 aliter

385 1690 611 1740 exceptum
634 1698 643 1723 :
666 1682 862 1742 jussique
886 1694 987 1727 sunt
1016 1701 1167 1727 omncs
1191 1683 1293 1743 aegri
1320 1682 1363 1725 in
1389 1681 1605 1743 publicam
1626 1681 1762 1742 porti-

384 1777 483 1803 cum
516 1760 696 1817 deferri,
733 1779 782 1806 ac
809 1780 886 1823 per
916 1763 1215 1808 valetudinum
1246 1779 1405 1823 genera
1435 1762 1619 1822 disponi.
1658 1764 1760 1806 Per-

384 1841 527 1886 culsus
562 1843 695 1902 igitur
734 1844 959 1903 inopinata
994 1862 1060 1900 re,
1099 1845 1174 1887 diu
1215 1843 1321 1903 quid
1358 1853 1505 1904 ageret
1544 1843 1759 1898 incertus,

383 1932 527 1965 tamen
544 1922 737 1984 singulos
754 1925 930 1979 circuit3
949 1941 1158 1969 excusans
1179 1924 1342 1967 factum
1363 1924 1492 1966 etiam
1508 1923 1760 1965 tenuissimo

383 2004 563 2063 cuique,
588 2013 629 2047 ct
658 2005 820 2064 ignoto.
845 2008 993 2049 Unum
1019 2006 1100 2048 hoc
1124 2003 1456 2058 tantunmiodo‚
1482 2019 1623 2062 neque
1654 2020 1762 2066 prae-

387 2091 503 2126 terea
532 2085 764 2142 quicquam
790 2094 989 2127 notatum
1019 2094 1103 2141 est,
1138 2086 1181 2127 in
1211 2102 1299 2144 quo
1328 2085 1568 2128 exercuisse
1588 2084 1659 2145 jus
1684 2085 1760 2127 tri-

383 2163 566 2206 buniciae
591 2166 814 2222 potestatis
836 2165 951 2208 visus
972 2165 1039 2207 sit.
1066 2166 1218 2222 Quum
1240 2166 1354 2208 circa
1380 2163 1548 2208 scholas
1572 2175 1614 2208 et
1637 2164 1759 2208 audi-

385 2243 497 2286 toria
522 2243 816 2304 professorum
849 2245 1047 2288 assiduus
1077 2256 1207 2300 esset⁷
1236 2255 1356 2290 moto
1383 2247 1494 2289 inter
1521 2246 1759 2307 antisophi-

384 2333 469 2367 stas
502 2325 697 2384 graviore
730 2325 901 2386 jurgio,
933 2343 1022 2370 non
1056 2326 1211 2382 defuit,
1241 2327 1315 2387 qui
1344 2344 1440 2371 eum
1472 2327 1759 2371 intervenien-

383 2413 496 2460 tem,
523 2414 566 2447 et
594 2406 716 2465 quasi
742 2406 1047 2451 studiosiorem
1076 2408 1212 2468 partis
1238 2407 1441 2465 alterius,
1469 2407 1665 2452 convicio
1693 2407 1758 2449 in-

382 2494 576 2528 cesseret.
604 2486 771 2529 Sensim
801 2487 946 2546 itaque
979 2503 1198 2547 regressus
1224 2486 1426 2543 domum,
1453 2496 1629 2548 repente
1657 2503 1754 2529 cum

382 2566 699 2623 apparitoribus
721 2567 903 2626 prodiit,
922 2568 1190 2626 citatumque
1209 2585 1288 2627 pro
1304 2567 1511 2611 tribunali
1532 2583 1634 2610 voce
1654 2583 1757 2626 prae-

384 2647 500 2686 mm*
534 2648 866 2689 comiciatorcm
905 2649 992 2706 rapi
1026 2649 1149 2705 jussit
1189 2650 1227 2689 {n
1266 2664 1494 2691 «arcerem.
1531 2647 1756 2706 Comperit
