<?xml version="1.0" encoding="UTF-8"?>
<!DOCTYPE html PUBLIC "-//W3C//DTD XHTML 1.0 Transitional//EN"
    "http://www.w3.org/TR/xhtml1/DTD/xhtml1-transitional.dtd">
<html xmlns="http://www.w3.org/1999/xhtml" xml:lang="en" lang="en">
 <head>
  <title>
</title>
<meta http-equiv="Content-Type" content="text/html;charset=utf-8" />
  <meta name='ocr-system' content='tesseract 3.04.00' />
  <meta name='ocr-capabilities' content='ocr_page ocr_carea ocr_par ocr_line ocrx_word'/>
</head>
<body>
  <div class='ocr_page' id='page_1' title='image "./operagro00suetuoft_0177.png"; bbox 0 0 1988 3439; ppageno 0'>
   <div class='ocr_carea' id='block_1_1' title="bbox 727 275 1532 324">
    <p class='ocr_par' dir='ltr' id='par_1_1' title="bbox 727 275 1532 324">
     <span class='ocr_line' id='line_1_1' title="bbox 727 275 1532 324; baseline 0.001 -13"><span class='ocrx_word' id='word_1_1' title='bbox 727 275 969 312; x_wconf 78' lang='lat' dir='ltr'>TmEmth.</span> <span class='ocrx_word' id='word_1_2' title='bbox 1461 281 1532 324; x_wconf 68' lang='lat'>149</span> 
     </span>
    </p>
   </div>
   <div class='ocr_carea' id='block_1_2' title="bbox 157 359 1557 2668">
    <p class='ocr_par' dir='ltr' id='par_1_2' title="bbox 157 359 1538 1067">
     <span class='ocr_line' id='line_1_2' title="bbox 158 359 1532 423; baseline -0.002 -15"><span class='ocrx_word' id='word_1_3' title='bbox 158 363 467 423; x_wconf 78' lang='lat' dir='ltr'>proderentur,</span> <span class='ocrx_word' id='word_1_4' title='bbox 487 362 703 406; x_wconf 83' lang='lat' dir='ltr'>accusavit</span> <span class='ocrx_word' id='word_1_5' title='bbox 726 377 803 420; x_wconf 91' lang='lat' dir='ltr'>per</span> <span class='ocrx_word' id='word_1_6' title='bbox 830 359 1003 415; x_wconf 83' lang='lat' dir='ltr'>literas,</span> <span class='ocrx_word' id='word_1_7' title='bbox 1027 360 1296 405; x_wconf 88' lang='lat' dir='ltr'>amarissime</span> <span class='ocrx_word' id='word_1_8' title='bbox 1315 363 1532 423; x_wconf 83' lang='lat' dir='ltr'>congestis</span> 
     </span>
     <span class='ocr_line' id='line_1_3' title="bbox 157 439 1533 505; baseline -0.002 -16"><span class='ocrx_word' id='word_1_9' title='bbox 157 446 287 489; x_wconf 90' lang='lat' dir='ltr'>etiam</span> <span class='ocrx_word' id='word_1_10' title='bbox 317 444 509 505; x_wconf 89' lang='lat' dir='ltr'>probris,</span> <span class='ocrx_word' id='word_1_11' title='bbox 537 451 577 485; x_wconf 90' lang='lat' dir='ltr'>et</span> <span class='ocrx_word' id='word_1_12' title='bbox 602 440 821 502; x_wconf 87' lang='lat' dir='ltr'>judicatos</span> <span class='ocrx_word' id='word_1_13' title='bbox 846 441 993 484; x_wconf 88' lang='lat' dir='ltr'>hostes</span> <span class='ocrx_word' id='word_1_14' title='bbox 1020 439 1134 484; x_wconf 90' lang='lat' dir='ltr'>fame</span> <span class='ocrx_word' id='word_1_15' title='bbox 1161 442 1333 485; x_wconf 83' lang='lat' dir='ltr'>necavit</span> <span class='ocrx_word' id='word_1_16' title='bbox 1358 459 1366 485; x_wconf 93' lang='lat'>:</span> <span class='ocrx_word' id='word_1_17' title='bbox 1392 444 1533 486; x_wconf 87' lang='lat' dir='ltr'>Nero-</span> 
     </span>
     <span class='ocr_line' id='line_1_4' title="bbox 159 520 1532 581; baseline -0.002 -13"><span class='ocrx_word' id='word_1_18' title='bbox 159 542 286 581; x_wconf 85' lang='lat' dir='ltr'>nem,</span> <span class='ocrx_word' id='word_1_19' title='bbox 315 525 360 567; x_wconf 90' lang='lat' dir='ltr'>in</span> <span class='ocrx_word' id='word_1_20' title='bbox 388 521 527 566; x_wconf 88' lang='lat' dir='ltr'>insula</span> <span class='ocrx_word' id='word_1_21' title='bbox 553 522 738 575; x_wconf 82' lang='lat' dir='ltr'>Pontia3</span> <span class='ocrx_word' id='word_1_22' title='bbox 764 523 984 575; x_wconf 83' lang='lat' dir='ltr'>Drusum,</span> <span class='ocrx_word' id='word_1_23' title='bbox 1020 520 1064 563; x_wconf 90' lang='lat' dir='ltr'>in</span> <span class='ocrx_word' id='word_1_24' title='bbox 1096 520 1183 563; x_wconf 90' lang='lat' dir='ltr'>ima</span> <span class='ocrx_word' id='word_1_25' title='bbox 1211 529 1334 581; x_wconf 89' lang='lat' dir='ltr'>parte</span> <span class='ocrx_word' id='word_1_26' title='bbox 1361 521 1532 565; x_wconf 89' lang='lat' dir='ltr'>Palatii.</span> 
     </span>
     <span class='ocr_line' id='line_1_5' title="bbox 158 600 1533 661; baseline -0.005 -11"><span class='ocrx_word' id='word_1_27' title='bbox 158 607 348 661; x_wconf 80' lang='lat' dir='ltr'>Putant,</span> <span class='ocrx_word' id='word_1_28' title='bbox 387 605 609 648; x_wconf 86' lang='lat' dir='ltr'>Neronem</span> <span class='ocrx_word' id='word_1_29' title='bbox 649 601 703 646; x_wconf 88' lang='lat' dir='ltr'>ad</span> <span class='ocrx_word' id='word_1_30' title='bbox 742 600 1037 645; x_wconf 83' lang='lat' dir='ltr'>voluntariam</span> <span class='ocrx_word' id='word_1_31' title='bbox 1073 610 1261 644; x_wconf 90' lang='lat' dir='ltr'>mortem</span> <span class='ocrx_word' id='word_1_32' title='bbox 1302 610 1502 644; x_wconf 90' lang='lat' dir='ltr'>coactum</span> <span class='ocrx_word' id='word_1_33' title='bbox 1522 636 1533 656; x_wconf 93' lang='lat'>,</span> 
     </span>
     <span class='ocr_line' id='line_1_6' title="bbox 158 681 1534 746; baseline -0.005 -16"><span class='ocrx_word' id='word_1_34' title='bbox 158 702 295 746; x_wconf 91' lang='lat' dir='ltr'>quum</span> <span class='ocrx_word' id='word_1_35' title='bbox 322 685 361 729; x_wconf 92' lang='lat' dir='ltr'>ei</span> <span class='ocrx_word' id='word_1_36' title='bbox 387 682 600 738; x_wconf 86' lang='lat' dir='ltr'>carnifex,</span> <span class='ocrx_word' id='word_1_37' title='bbox 626 682 750 742; x_wconf 84' lang='lat' dir='ltr'>quasi</span> <span class='ocrx_word' id='word_1_38' title='bbox 779 697 831 725; x_wconf 85' lang='lat' dir='ltr'>ex</span> <span class='ocrx_word' id='word_1_39' title='bbox 863 690 1039 725; x_wconf 89' lang='lat' dir='ltr'>senatus</span> <span class='ocrx_word' id='word_1_40' title='bbox 1069 681 1330 725; x_wconf 88' lang='lat' dir='ltr'>auctoritate</span> <span class='ocrx_word' id='word_1_41' title='bbox 1355 681 1534 737; x_wconf 85' lang='lat' dir='ltr'>missus,</span> 
     </span>
     <span class='ocr_line' id='line_1_7' title="bbox 158 759 1538 826; baseline -0.002 -18"><span class='ocrx_word' id='word_1_42' title='bbox 158 764 336 826; x_wconf 87' lang='lat' dir='ltr'>laqueos</span> <span class='ocrx_word' id='word_1_43' title='bbox 356 774 398 808; x_wconf 91' lang='lat' dir='ltr'>et</span> <span class='ocrx_word' id='word_1_44' title='bbox 423 779 558 808; x_wconf 90' lang='lat' dir='ltr'>uncos</span> <span class='ocrx_word' id='word_1_45' title='bbox 581 770 845 817; x_wconf 84' lang='lat' dir='ltr'>ostentaret;</span> <span class='ocrx_word' id='word_1_46' title='bbox 869 764 1018 807; x_wconf 85' lang='lat' dir='ltr'>Druso</span> <span class='ocrx_word' id='word_1_47' title='bbox 1038 771 1184 806; x_wconf 88' lang='lat' dir='ltr'>autem</span> <span class='ocrx_word' id='word_1_48' title='bbox 1202 761 1310 806; x_wconf 88' lang='lat' dir='ltr'>adeo</span> <span class='ocrx_word' id='word_1_49' title='bbox 1331 759 1538 805; x_wconf 88' lang='lat' dir='ltr'>alimenta</span> 
     </span>
     <span class='ocr_line' id='line_1_8' title="bbox 160 841 1536 902; baseline -0.004 -12"><span class='ocrx_word' id='word_1_50' title='bbox 160 845 399 902; x_wconf 87' lang='lat' dir='ltr'>subducta,</span> <span class='ocrx_word' id='word_1_51' title='bbox 428 853 477 888; x_wconf 92' lang='lat' dir='ltr'>ut</span> <span class='ocrx_word' id='word_1_52' title='bbox 509 853 754 888; x_wconf 87' lang='lat' dir='ltr'>tomentum</span> <span class='ocrx_word' id='word_1_53' title='bbox 784 860 807 887; x_wconf 90' lang='lat' dir='ltr'>e</span> <span class='ocrx_word' id='word_1_54' title='bbox 840 841 1002 887; x_wconf 88' lang='lat' dir='ltr'>culcita</span> <span class='ocrx_word' id='word_1_55' title='bbox 1029 842 1263 886; x_wconf 88' lang='lat' dir='ltr'>tentaverit</span> <span class='ocrx_word' id='word_1_56' title='bbox 1297 842 1536 886; x_wconf 88' lang='lat' dir='ltr'>mandere:</span> 
     </span>
     <span class='ocr_line' id='line_1_9' title="bbox 161 920 1538 985; baseline -0.003 -16"><span class='ocrx_word' id='word_1_57' title='bbox 161 925 392 970; x_wconf 87' lang='lat' dir='ltr'>amborum</span> <span class='ocrx_word' id='word_1_58' title='bbox 413 925 474 969; x_wconf 87' lang='lat' dir='ltr'>sic</span> <span class='ocrx_word' id='word_1_59' title='bbox 498 922 706 984; x_wconf 84' lang='lat' dir='ltr'>reliquias</span> <span class='ocrx_word' id='word_1_60' title='bbox 728 922 969 985; x_wconf 89' lang='lat' dir='ltr'>dispersas,</span> <span class='ocrx_word' id='word_1_61' title='bbox 994 932 1043 967; x_wconf 91' lang='lat' dir='ltr'>ut</span> <span class='ocrx_word' id='word_1_62' title='bbox 1065 923 1137 967; x_wconf 86' lang='lat' dir='ltr'>vix</span> <span class='ocrx_word' id='word_1_63' title='bbox 1156 922 1424 983; x_wconf 86' lang='lat' dir='ltr'>quandoque</span> <span class='ocrx_word' id='word_1_64' title='bbox 1447 920 1538 966; x_wconf 90' lang='lat' dir='ltr'>eol-</span> 
     </span>
     <span class='ocr_line' id='line_1_10' title="bbox 160 1004 449 1067; baseline 0 -19"><span class='ocrx_word' id='word_1_65' title='bbox 160 1004 235 1067; x_wconf 87' lang='lat' dir='ltr'>ligi</span> <span class='ocrx_word' id='word_1_66' title='bbox 261 1013 449 1066; x_wconf 88' lang='lat' dir='ltr'>possent.</span> 
     </span>
    </p>

    <p class='ocr_par' dir='ltr' id='par_1_3' title="bbox 158 1083 1547 1850">
     <span class='ocr_line' id='line_1_11' title="bbox 225 1083 1541 1146; baseline -0.002 -16"><span class='ocrx_word' id='word_1_67' title='bbox 225 1086 317 1130; x_wconf 91' lang='lat' dir='ltr'>LV.</span> <span class='ocrx_word' id='word_1_68' title='bbox 345 1087 488 1146; x_wconf 90' lang='lat' dir='ltr'>Super</span> <span class='ocrx_word' id='word_1_69' title='bbox 508 1095 674 1130; x_wconf 87' lang='lat' dir='ltr'>veteres</span> <span class='ocrx_word' id='word_1_70' title='bbox 698 1085 858 1130; x_wconf 89' lang='lat' dir='ltr'>amicos</span> <span class='ocrx_word' id='word_1_71' title='bbox 879 1101 928 1128; x_wconf 91' lang='lat' dir='ltr'>ac</span> <span class='ocrx_word' id='word_1_72' title='bbox 948 1083 1205 1141; x_wconf 86' lang='lat' dir='ltr'>familiares,</span> <span class='ocrx_word' id='word_1_73' title='bbox 1232 1084 1387 1146; x_wconf 87' lang='lat' dir='ltr'>viginti</span> <span class='ocrx_word' id='word_1_74' title='bbox 1411 1084 1493 1128; x_wconf 90' lang='lat' dir='ltr'>sibi</span> <span class='ocrx_word' id='word_1_75' title='bbox 1519 1101 1541 1127; x_wconf 93' lang='lat' dir='ltr'>e</span> 
     </span>
     <span class='ocr_line' id='line_1_12' title="bbox 163 1164 1542 1227; baseline -0.001 -17"><span class='ocrx_word' id='word_1_76' title='bbox 163 1183 345 1211; x_wconf 89' lang='lat' dir='ltr'>numero</span> <span class='ocrx_word' id='word_1_77' title='bbox 364 1168 614 1227; x_wconf 90' lang='lat' dir='ltr'>principum</span> <span class='ocrx_word' id='word_1_78' title='bbox 633 1167 821 1210; x_wconf 86' lang='lat' dir='ltr'>civitatis</span> <span class='ocrx_word' id='word_1_79' title='bbox 835 1165 1177 1227; x_wconf 87' lang='lat' dir='ltr'>depoposcerat,</span> <span class='ocrx_word' id='word_1_80' title='bbox 1202 1164 1323 1209; x_wconf 86' lang='lat' dir='ltr'>velut</span> <span class='ocrx_word' id='word_1_81' title='bbox 1340 1164 1542 1209; x_wconf 88' lang='lat' dir='ltr'>consilia-</span> 
     </span>
     <span class='ocr_line' id='line_1_13' title="bbox 163 1244 1543 1308; baseline -0.001 -19"><span class='ocrx_word' id='word_1_82' title='bbox 163 1247 249 1291; x_wconf 88' lang='lat' dir='ltr'>rios</span> <span class='ocrx_word' id='word_1_83' title='bbox 279 1248 323 1290; x_wconf 93' lang='lat' dir='ltr'>in</span> <span class='ocrx_word' id='word_1_84' title='bbox 354 1247 540 1308; x_wconf 86' lang='lat' dir='ltr'>negotiis</span> <span class='ocrx_word' id='word_1_85' title='bbox 565 1245 764 1308; x_wconf 86' lang='lat' dir='ltr'>publicis.</span> <span class='ocrx_word' id='word_1_86' title='bbox 802 1249 972 1289; x_wconf 88' lang='lat' dir='ltr'>Horum</span> <span class='ocrx_word' id='word_1_87' title='bbox 1003 1246 1200 1289; x_wconf 87' lang='lat' dir='ltr'>omnium</span> <span class='ocrx_word' id='word_1_88' title='bbox 1228 1246 1299 1288; x_wconf 82' lang='lat' dir='ltr'>vix</span> <span class='ocrx_word' id='word_1_89' title='bbox 1327 1244 1436 1289; x_wconf 91' lang='lat' dir='ltr'>duos</span> <span class='ocrx_word' id='word_1_90' title='bbox 1466 1254 1543 1289; x_wconf 85' lang='lat' dir='ltr'>aut</span> 
     </span>
     <span class='ocr_line' id='line_1_14' title="bbox 165 1325 1542 1388; baseline 0 -19"><span class='ocrx_word' id='word_1_91' title='bbox 165 1334 248 1369; x_wconf 77' lang='lat' dir='ltr'>tres</span> <span class='ocrx_word' id='word_1_92' title='bbox 276 1326 515 1370; x_wconf 90' lang='lat' dir='ltr'>incolumes</span> <span class='ocrx_word' id='word_1_93' title='bbox 545 1328 746 1388; x_wconf 61' lang='lat' dir='ltr'>praestitit</span> <span class='ocrx_word' id='word_1_94' title='bbox 774 1344 782 1369; x_wconf 92' lang='lat'><strong>:</strong></span> <span class='ocrx_word' id='word_1_95' title='bbox 812 1336 1001 1382; x_wconf 89' lang='lat' dir='ltr'>ceteros,</span> <span class='ocrx_word' id='word_1_96' title='bbox 1033 1325 1166 1370; x_wconf 89' lang='lat' dir='ltr'>alium</span> <span class='ocrx_word' id='word_1_97' title='bbox 1197 1325 1280 1370; x_wconf 89' lang='lat' dir='ltr'>alia</span> <span class='ocrx_word' id='word_1_98' title='bbox 1306 1325 1359 1370; x_wconf 91' lang='lat' dir='ltr'>de</span> <span class='ocrx_word' id='word_1_99' title='bbox 1390 1342 1542 1380; x_wconf 88' lang='lat' dir='ltr'>causa,</span> 
     </span>
     <span class='ocr_line' id='line_1_15' title="bbox 163 1405 1543 1467; baseline 0 -18"><span class='ocrx_word' id='word_1_100' title='bbox 163 1405 364 1466; x_wconf 87' lang='lat' dir='ltr'>perculit.</span> <span class='ocrx_word' id='word_1_101' title='bbox 387 1409 509 1450; x_wconf 91' lang='lat' dir='ltr'>Inter</span> <span class='ocrx_word' id='word_1_102' title='bbox 533 1423 643 1466; x_wconf 86' lang='lat' dir='ltr'>quos</span> <span class='ocrx_word' id='word_1_103' title='bbox 672 1423 771 1450; x_wconf 90' lang='lat' dir='ltr'>cum</span> <span class='ocrx_word' id='word_1_104' title='bbox 803 1405 1097 1467; x_wconf 89' lang='lat' dir='ltr'>plurimorum</span> <span class='ocrx_word' id='word_1_105' title='bbox 1128 1405 1250 1450; x_wconf 88' lang='lat' dir='ltr'>clade</span> <span class='ocrx_word' id='word_1_106' title='bbox 1277 1405 1438 1449; x_wconf 83' lang='lat' dir='ltr'>AElium</span> <span class='ocrx_word' id='word_1_107' title='bbox 1467 1408 1543 1450; x_wconf 90' lang='lat' dir='ltr'>Se-</span> 
     </span>
     <span class='ocr_line' id='line_1_16' title="bbox 158 1485 1545 1547; baseline -0.001 -17"><span class='ocrx_word' id='word_1_108' title='bbox 158 1487 338 1546; x_wconf 88' lang='lat' dir='ltr'>janum,</span> <span class='ocrx_word' id='word_1_109' title='bbox 367 1503 496 1547; x_wconf 90' lang='lat' dir='ltr'>quem</span> <span class='ocrx_word' id='word_1_110' title='bbox 525 1485 580 1530; x_wconf 87' lang='lat' dir='ltr'>ad</span> <span class='ocrx_word' id='word_1_111' title='bbox 605 1503 818 1530; x_wconf 73' lang='lat' dir='ltr'>summam</span> <span class='ocrx_word' id='word_1_112' title='bbox 845 1486 1088 1547; x_wconf 85' lang='lat' dir='ltr'>potentiam</span> <span class='ocrx_word' id='word_1_113' title='bbox 1120 1502 1208 1529; x_wconf 91' lang='lat' dir='ltr'>non</span> <span class='ocrx_word' id='word_1_114' title='bbox 1239 1495 1328 1529; x_wconf 83' lang='lat' dir='ltr'>tam</span> <span class='ocrx_word' id='word_1_115' title='bbox 1354 1486 1545 1529; x_wconf 87' lang='lat' dir='ltr'>benevo-</span> 
     </span>
     <span class='ocr_line' id='line_1_17' title="bbox 162 1564 1547 1626; baseline -0.001 -17"><span class='ocrx_word' id='word_1_116' title='bbox 162 1564 293 1610; x_wconf 90' lang='lat' dir='ltr'>lentia</span> <span class='ocrx_word' id='word_1_117' title='bbox 329 1575 611 1626; x_wconf 82' lang='lat' dir='ltr'>provexerat,</span> <span class='ocrx_word' id='word_1_118' title='bbox 644 1582 775 1626; x_wconf 90' lang='lat' dir='ltr'>quam</span> <span class='ocrx_word' id='word_1_119' title='bbox 810 1576 859 1609; x_wconf 88' lang='lat' dir='ltr'>ut</span> <span class='ocrx_word' id='word_1_120' title='bbox 890 1575 1024 1621; x_wconf 88' lang='lat' dir='ltr'>esset,</span> <span class='ocrx_word' id='word_1_121' title='bbox 1059 1566 1185 1626; x_wconf 86' lang='lat' dir='ltr'>cujus</span> <span class='ocrx_word' id='word_1_122' title='bbox 1220 1565 1464 1609; x_wconf 88' lang='lat' dir='ltr'>ministerio</span> <span class='ocrx_word' id='word_1_123' title='bbox 1497 1581 1547 1609; x_wconf 92' lang='lat' dir='ltr'>ac</span> 
     </span>
     <span class='ocr_line' id='line_1_18' title="bbox 162 1644 1547 1706; baseline 0 -17"><span class='ocrx_word' id='word_1_124' title='bbox 162 1644 566 1690; x_wconf 89' lang='lat' dir='ltr'>fraudibusliberos</span> <span class='ocrx_word' id='word_1_125' title='bbox 580 1646 835 1691; x_wconf 91' lang='lat' dir='ltr'>Germanici</span> <span class='ocrx_word' id='word_1_126' title='bbox 861 1646 1222 1701; x_wconf 86' lang='lat' dir='ltr'>circumveniret,</span> <span class='ocrx_word' id='word_1_127' title='bbox 1252 1654 1547 1706; x_wconf 87' lang='lat' dir='ltr'>nepotemque</span> 
     </span>
     <span class='ocr_line' id='line_1_19' title="bbox 163 1724 1547 1787; baseline 0 -18"><span class='ocrx_word' id='word_1_128' title='bbox 163 1741 290 1769; x_wconf 85' lang='lat' dir='ltr'>suurn</span> <span class='ocrx_word' id='word_1_129' title='bbox 320 1742 370 1769; x_wconf 86' lang='lat' dir='ltr'>ex</span> <span class='ocrx_word' id='word_1_130' title='bbox 396 1728 544 1770; x_wconf 91' lang='lat' dir='ltr'>Druso</span> <span class='ocrx_word' id='word_1_131' title='bbox 565 1724 656 1769; x_wconf 87' lang='lat' dir='ltr'>filio</span> <span class='ocrx_word' id='word_1_132' title='bbox 680 1725 927 1771; x_wconf 87' lang='lat' dir='ltr'>naturalem</span> <span class='ocrx_word' id='word_1_133' title='bbox 951 1725 1006 1769; x_wconf 91' lang='lat' dir='ltr'>ad</span> <span class='ocrx_word' id='word_1_134' title='bbox 1026 1726 1346 1770; x_wconf 89' lang='lat' dir='ltr'>successionem</span> <span class='ocrx_word' id='word_1_135' title='bbox 1374 1726 1547 1787; x_wconf 91' lang='lat' dir='ltr'>imperii</span> 
     </span>
     <span class='ocr_line' id='line_1_20' title="bbox 164 1804 456 1850; baseline 0.007 -3"><span class='ocrx_word' id='word_1_136' title='bbox 164 1804 456 1850; x_wconf 85' lang='lat' dir='ltr'>confirmaret.</span> 
     </span>
    </p>

    <p class='ocr_par' dir='ltr' id='par_1_4' title="bbox 163 1885 1557 2668">
     <span class='ocr_line' id='line_1_21' title="bbox 228 1885 1548 1948; baseline 0.002 -19"><span class='ocrx_word' id='word_1_137' title='bbox 228 1887 343 1930; x_wconf 89' lang='lat' dir='ltr'><strong>LVI.</strong></span> <span class='ocrx_word' id='word_1_138' title='bbox 379 1885 532 1931; x_wconf 87' lang='lat' dir='ltr'>Nihilo</span> <span class='ocrx_word' id='word_1_139' title='bbox 559 1885 700 1931; x_wconf 90' lang='lat' dir='ltr'>lenior</span> <span class='ocrx_word' id='word_1_140' title='bbox 733 1888 777 1930; x_wconf 89' lang='lat' dir='ltr'>in</span> <span class='ocrx_word' id='word_1_141' title='bbox 808 1889 1084 1932; x_wconf 88' lang='lat' dir='ltr'>convictores</span> <span class='ocrx_word' id='word_1_142' title='bbox 1115 1886 1363 1944; x_wconf 85' lang='lat' dir='ltr'>Graeculos,</span> <span class='ocrx_word' id='word_1_143' title='bbox 1388 1888 1548 1948; x_wconf 89' lang='lat' dir='ltr'>quibus</span> 
     </span>
     <span class='ocr_line' id='line_1_22' title="bbox 164 1963 1546 2029; baseline 0.002 -21"><span class='ocrx_word' id='word_1_144' title='bbox 164 1963 231 2010; x_wconf 88' lang='lat' dir='ltr'>vel</span> <span class='ocrx_word' id='word_1_145' title='bbox 258 1967 445 2010; x_wconf 81' lang='lat' dir='ltr'>maxime</span> <span class='ocrx_word' id='word_1_146' title='bbox 473 1967 792 2027; x_wconf 86' lang='lat' dir='ltr'>acquiescebat.</span> <span class='ocrx_word' id='word_1_147' title='bbox 823 1970 1043 2012; x_wconf 89' lang='lat' dir='ltr'>Zenonem</span> <span class='ocrx_word' id='word_1_148' title='bbox 1072 1967 1329 2029; x_wconf 83' lang='lat' dir='ltr'>quemdam,</span> <span class='ocrx_word' id='word_1_149' title='bbox 1353 1968 1546 2028; x_wconf 82' lang='lat' dir='ltr'>exquisi-</span> 
     </span>
     <span class='ocr_line' id='line_1_23' title="bbox 163 2045 1547 2110; baseline 0 -20"><span class='ocrx_word' id='word_1_150' title='bbox 163 2045 250 2090; x_wconf 85' lang='lat' dir='ltr'>tius</span> <span class='ocrx_word' id='word_1_151' title='bbox 276 2048 666 2103; x_wconf 88' lang='lat' dir='ltr'>sermocinantem,</span> <span class='ocrx_word' id='word_1_152' title='bbox 689 2064 829 2108; x_wconf 89' lang='lat' dir='ltr'>quum</span> <span class='ocrx_word' id='word_1_153' title='bbox 859 2048 1188 2110; x_wconf 86' lang='lat' dir='ltr'>interrogasset,</span> <span class='ocrx_word' id='word_1_154' title='bbox 1212 2064 1450 2109; x_wconf 78' lang='lat' dir='ltr'>«quaenam</span> <span class='ocrx_word' id='word_1_155' title='bbox 1474 2046 1547 2090; x_wconf 90' lang='lat' dir='ltr'>illa</span> 
     </span>
     <span class='ocr_line' id='line_1_24' title="bbox 165 2125 1550 2190; baseline 0 -21"><span class='ocrx_word' id='word_1_156' title='bbox 165 2134 255 2170; x_wconf 87' lang='lat' dir='ltr'>tam</span> <span class='ocrx_word' id='word_1_157' title='bbox 272 2125 456 2171; x_wconf 88' lang='lat' dir='ltr'>molesta</span> <span class='ocrx_word' id='word_1_158' title='bbox 475 2125 683 2172; x_wconf 90' lang='lat' dir='ltr'>dialectos</span> <span class='ocrx_word' id='word_1_159' title='bbox 702 2137 828 2184; x_wconf 90' lang='lat' dir='ltr'>esset,</span> <span class='ocrx_word' id='word_1_160' title='bbox 840 2147 860 2168; x_wconf 77' lang='lat' dir='ltr'>n</span> <span class='ocrx_word' id='word_1_161' title='bbox 882 2136 925 2171; x_wconf 90' lang='lat' dir='ltr'>et</span> <span class='ocrx_word' id='word_1_162' title='bbox 949 2126 1022 2172; x_wconf 86' lang='lat' dir='ltr'>ille</span> <span class='ocrx_word' id='word_1_163' title='bbox 1043 2127 1358 2190; x_wconf 88' lang='lat' dir='ltr'>respondisset,</span> <span class='ocrx_word' id='word_1_164' title='bbox 1381 2127 1550 2171; x_wconf 91' lang='lat' dir='ltr'>«Dori-</span> 
     </span>
     <span class='ocr_line' id='line_1_25' title="bbox 166 2204 1552 2269; baseline 0.001 -21"><span class='ocrx_word' id='word_1_165' title='bbox 166 2204 322 2261; x_wconf 82' lang='lat' dir='ltr'>dem3»</span> <span class='ocrx_word' id='word_1_166' title='bbox 336 2204 547 2268; x_wconf 86' lang='lat' dir='ltr'>relegavit</span> <span class='ocrx_word' id='word_1_167' title='bbox 562 2207 784 2252; x_wconf 87' lang='lat' dir='ltr'>Cinariam</span> <span class='ocrx_word' id='word_1_168' title='bbox 799 2242 810 2264; x_wconf 95' lang='lat'>,</span> <span class='ocrx_word' id='word_1_169' title='bbox 833 2209 1107 2264; x_wconf 78' lang='lat' dir='ltr'>existimans,</span> <span class='ocrx_word' id='word_1_170' title='bbox 1130 2208 1447 2269; x_wconf 82' lang='lat' dir='ltr'>exprobratum</span> <span class='ocrx_word' id='word_1_171' title='bbox 1471 2207 1552 2251; x_wconf 88' lang='lat' dir='ltr'>sibi</span> 
     </span>
     <span class='ocr_line' id='line_1_26' title="bbox 166 2287 1550 2348; baseline 0.001 -19"><span class='ocrx_word' id='word_1_172' title='bbox 166 2295 358 2329; x_wconf 86' lang='lat' dir='ltr'>veterem</span> <span class='ocrx_word' id='word_1_173' title='bbox 381 2302 618 2341; x_wconf 86' lang='lat' dir='ltr'>secessum,</span> <span class='ocrx_word' id='word_1_174' title='bbox 647 2287 768 2346; x_wconf 90' lang='lat' dir='ltr'>quod</span> <span class='ocrx_word' id='word_1_175' title='bbox 789 2289 950 2332; x_wconf 90' lang='lat' dir='ltr'>Dorice</span> <span class='ocrx_word' id='word_1_176' title='bbox 975 2288 1137 2332; x_wconf 88' lang='lat' dir='ltr'>Rhodii</span> <span class='ocrx_word' id='word_1_177' title='bbox 1162 2287 1416 2348; x_wconf 90' lang='lat' dir='ltr'>loquantur.</span> <span class='ocrx_word' id='word_1_178' title='bbox 1438 2290 1550 2332; x_wconf 89' lang='lat' dir='ltr'>Item</span> 
     </span>
     <span class='ocr_line' id='line_1_27' title="bbox 166 2364 1555 2427; baseline 0.001 -18"><span class='ocrx_word' id='word_1_179' title='bbox 166 2382 303 2426; x_wconf 88' lang='lat' dir='ltr'>quum</span> <span class='ocrx_word' id='word_1_180' title='bbox 331 2364 492 2409; x_wconf 87' lang='lat' dir='ltr'>soleret</span> <span class='ocrx_word' id='word_1_181' title='bbox 524 2383 575 2409; x_wconf 76' lang='lat' dir='ltr'>ex</span> <span class='ocrx_word' id='word_1_182' title='bbox 611 2365 798 2410; x_wconf 88' lang='lat' dir='ltr'>lectione</span> <span class='ocrx_word' id='word_1_183' title='bbox 834 2367 1090 2427; x_wconf 86' lang='lat' dir='ltr'>quotidiana</span> <span class='ocrx_word' id='word_1_184' title='bbox 1122 2370 1384 2427; x_wconf 82' lang='lat' dir='ltr'>quaestiones</span> <span class='ocrx_word' id='word_1_185' title='bbox 1421 2384 1555 2427; x_wconf 88' lang='lat' dir='ltr'>super</span> 
     </span>
     <span class='ocr_line' id='line_1_28' title="bbox 167 2446 1556 2509; baseline 0 -20"><span class='ocrx_word' id='word_1_186' title='bbox 167 2462 334 2489; x_wconf 85' lang='lat' dir='ltr'>coenam</span> <span class='ocrx_word' id='word_1_187' title='bbox 349 2463 617 2507; x_wconf 88' lang='lat' dir='ltr'>proponere,</span> <span class='ocrx_word' id='word_1_188' title='bbox 641 2448 1033 2508; x_wconf 83' lang='lat' dir='ltr'>comperissetque,</span> <span class='ocrx_word' id='word_1_189' title='bbox 1052 2446 1282 2491; x_wconf 88' lang='lat' dir='ltr'>Seleucum</span> <span class='ocrx_word' id='word_1_190' title='bbox 1300 2447 1556 2509; x_wconf 82' lang='lat' dir='ltr'>grammati-</span> 
     </span>
     <span class='ocr_line' id='line_1_29' title="bbox 169 2526 1556 2587; baseline 0.001 -20"><span class='ocrx_word' id='word_1_191' title='bbox 169 2541 268 2568; x_wconf 90' lang='lat' dir='ltr'>cum</span> <span class='ocrx_word' id='word_1_192' title='bbox 283 2542 308 2568; x_wconf 89' lang='lat' dir='ltr'>a</span> <span class='ocrx_word' id='word_1_193' title='bbox 323 2526 532 2569; x_wconf 84' lang='lat' dir='ltr'>ministris</span> <span class='ocrx_word' id='word_1_194' title='bbox 545 2527 631 2569; x_wconf 89' lang='lat' dir='ltr'>suis</span> <span class='ocrx_word' id='word_1_195' title='bbox 643 2528 910 2586; x_wconf 81' lang='lat' dir='ltr'>perquirere,</span> <span class='ocrx_word' id='word_1_196' title='bbox 921 2544 1030 2587; x_wconf 92' lang='lat' dir='ltr'>quos</span> <span class='ocrx_word' id='word_1_197' title='bbox 1044 2544 1221 2587; x_wconf 87' lang='lat' dir='ltr'>quoquc</span> <span class='ocrx_word' id='word_1_198' title='bbox 1238 2537 1435 2587; x_wconf 88' lang='lat' dir='ltr'>tempore</span> <span class='ocrx_word' id='word_1_199' title='bbox 1449 2536 1556 2570; x_wconf 89' lang='lat' dir='ltr'>trac-</span> 
     </span>
     <span class='ocr_line' id='line_1_30' title="bbox 172 2607 1557 2668; baseline -0.001 -19"><span class='ocrx_word' id='word_1_200' title='bbox 172 2614 281 2650; x_wconf 85' lang='lat' dir='ltr'>taret</span> <span class='ocrx_word' id='word_1_201' title='bbox 300 2615 523 2660; x_wconf 77' lang='lat' dir='ltr'>auctores,</span> <span class='ocrx_word' id='word_1_202' title='bbox 546 2615 677 2666; x_wconf 86' lang='lat' dir='ltr'>atquc</span> <span class='ocrx_word' id='word_1_203' title='bbox 700 2609 757 2650; x_wconf 89' lang='lat' dir='ltr'>ita</span> <span class='ocrx_word' id='word_1_204' title='bbox 787 2618 1082 2668; x_wconf 71' lang='lat' dir='ltr'>przeparatum</span> <span class='ocrx_word' id='word_1_205' title='bbox 1111 2608 1287 2661; x_wconf 75' lang='lat' dir='ltr'>venire,</span> <span class='ocrx_word' id='word_1_206' title='bbox 1313 2607 1506 2667; x_wconf 87' lang='lat' dir='ltr'>primum</span> <span class='ocrx_word' id='word_1_207' title='bbox 1533 2621 1557 2648; x_wconf 88' lang='lat' dir='ltr'>a</span> 
     </span>
    </p>
   </div>
   <div class='ocr_carea' id='block_1_3' title="bbox 172 2684 1555 2746">
    <p class='ocr_par' dir='ltr' id='par_1_5' title="bbox 172 2684 1555 2746">
     <span class='ocr_line' id='line_1_31' title="bbox 172 2684 1555 2746; baseline 0 -19"><span class='ocrx_word' id='word_1_208' title='bbox 172 2685 463 2729; x_wconf 83' lang='lat' dir='ltr'>contubernio</span> <span class='ocrx_word' id='word_1_209' title='bbox 482 2688 689 2738; x_wconf 78' lang='lat' dir='ltr'>removit,</span> <span class='ocrx_word' id='word_1_210' title='bbox 717 2687 873 2731; x_wconf 84' lang='lat' dir='ltr'>deinde</span> <span class='ocrx_word' id='word_1_211' title='bbox 889 2688 1019 2731; x_wconf 88' lang='lat' dir='ltr'>etiam</span> <span class='ocrx_word' id='word_1_212' title='bbox 1045 2686 1097 2730; x_wconf 84' lang='lat' dir='ltr'>ad</span> <span class='ocrx_word' id='word_1_213' title='bbox 1115 2697 1300 2730; x_wconf 81' lang='lat' dir='ltr'>mortem</span> <span class='ocrx_word' id='word_1_214' title='bbox 1328 2684 1555 2746; x_wconf 87' lang='lat' dir='ltr'>compulit.</span> 
     </span>
    </p>
   </div>
  </div>
 </body>
</html>
