1988 3407
209 217 396 230 tanwvtttz
399 217 523 229 §vt-mxu
527 216 580 229 ῐὶν
584 216 708 229 ἱΜῑΊιΊ-’δ
712 216 782 228 ῑΊ-ὯΙ
785 216 836 228 m
839 216 900 228 ΙΑΊΝ
903 215 963 228 m}
968 215 1027 226 mxx
1030 215 1090 227 §¹224
1094 215 1504 230 Ufflssssmssmmm
1507 215 1539 228 KQ
1543 216 1603 229 mu

448 388 777 444 HORATII
821 387 1111 443 POETAE
1154 387 1361 443 VITA.

798 577 1009 586 ..ᾡ-

208 704 493 789 HORATms
519 745 748 799 FLACCUS,
773 742 1050 797 Venusinus,
1076 752 1221 802 patre,
1246 751 1295 786 ut
1323 743 1414 804 ipse
1443 741 1601 797 tradit,

202 824 424 881 libertino,
446 834 490 868 et
508 825 790 868 exactionum
812 833 1034 879 coactore3
1064 833 1113 867 ut
1138 839 1244 867 vero
1268 823 1485 867 creditum
1510 832 1598 878 est,

201 904 562 961 salsamentario;
588 921 725 965 quum
757 902 819 947 illi
847 902 1028 964 quidam
1060 904 1104 946 in
1130 902 1415 948 altercatione
1440 920 1600 965 expro-

201 987 390 1041 brasset,
413 986 634 1043 «Quoties
653 1001 734 1046 ego
753 984 842 1028 vidi
860 994 1032 1045 patrem
1056 993 1182 1028 tuum
1204 984 1355 1028 cubito
1374 1001 1418 1029 se
1439 1001 1598 1029 emun-

202 1064 436 1129 genteml»
465 1064 587 1110 Bello
616 1065 906 1126 philippensi,
935 1066 1105 1110 excitus
1130 1082 1154 1109 a
1177 1066 1332 1110 Marco
1359 1068 1497 1110 Bruto
1525 1066 1603 1109 im-

205 1158 428 1209 peratore,
460 1148 664 1191 tribunus
692 1146 879 1190 militum
908 1147 1068 1189 meruit
1097 1163 1107 1190 ε
1136 1146 1351 1206 victisque
1376 1147 1600 1207 partibus,

207 1230 333 1273 venia
362 1230 621 1289 impetrata,
654 1227 869 1288 scriptum
904 1226 1189 1286 quaestorium
1217 1227 1506 1287 comparavit.
1537 1230 1601 1271 Ac

207 1311 351 1371 primo
378 1309 632 1361 Maecenati,
667 1306 826 1351 deinde
853 1310 1051 1368 Augusto
1086 1307 1361 1364 insinuatus,
1387 1324 1476 1351 non
1502 1325 1595 1352 me-

206 1390 401 1435 diocrem
428 1391 473 1433 in
509 1389 742 1432 amborum
775 1388 969 1432 amicitia
1005 1385 1152 1432 locum
1190 1388 1344 1431 tenuit.
1381 1389 1600 1433 Moecenas

205 1481 480 1532 quantopere
498 1487 599 1513 cum
623 1468 848 1524 dilexerit,
867 1469 970 1512 satis
988 1477 1261 1512 monstratur
1284 1466 1359 1512 illo
1381 1469 1600 1530 epigram-

202 1562 342 1610 mate,
370 1552 447 1596 ubi
474 1551 641 1612 inquit,

382 1665 429 1701 Ni
455 1672 490 1700 te
518 1664 724 1700 visceribus
747 1664 838 1699 meis
855 1692 864 1709 ,
889 1663 1044 1709 Horati,

385 1729 469 1763 Plus
494 1728 572 1774 jam
593 1727 734 1774 diligo,
761 1734 799 1762 tu
829 1734 931 1762 tuum
960 1727 1129 1762 sodalem

385 1791 491 1825 Mulo
512 1802 571 1825 me
598 1790 726 1825 videas
755 1790 1038 1837 strigosiorem:

202 1890 277 1935 sed
322 1890 461 1934 multo
491 1892 626 1951 magis
662 1891 868 1933 extremis
888 1926 899 1944 ,
937 1889 1011 1934 tali
1051 1891 1105 1934 ad
1137 1894 1384 1951 Augustum
1412 1890 1558 1952 elogio
1587 1908 1596 1934 :

204 1991 224 2012 α
246 1972 419 2015 Horatii
458 1971 626 2026 Flacci,
670 1981 718 2014 ut
760 1972 871 2026 mei,
912 1987 1081 2014 memor
1115 1981 1224 2015 esto.
1253 1992 1273 2012 »
1300 1975 1526 2032 Augustus
1556 1973 1598 2015 ei

200 2051 484 2113 epistolarum
526 2051 721 2095 officium
764 2050 952 2106 obtulit,
998 2061 1045 2095 ut
1085 2053 1168 2096 hoc
1210 2051 1264 2095 ad
1308 2054 1596 2097 Maecenatem

201 2134 365 2194 scripto
391 2133 609 2194 significat
635 2151 643 2176 ;
670 2152 690 2173 α
713 2136 847 2189 Ante,
874 2134 965 2193 ipse
997 2133 1238 2177 scribendis
1269 2132 1464 2194 epistolis
1486 2134 1596 2178 ami-

203 2230 356 2257 corum
391 2213 659 2257 sufficiebam
690 2232 698 2258 :
734 2230 849 2258 nunc
882 2214 1274 2275 occupatissimus,
1304 2224 1345 2257 et
1372 2214 1597 2269 infirmus,

202 2295 432 2337 Horatium
460 2303 661 2338 nostrum
689 2312 711 2338 a
741 2304 781 2338 te
805 2295 936 2354 cupio
966 2294 1196 2338 abducere.
1225 2295 1383 2338 Veniet
1410 2311 1516 2356 ergo
1541 2295 1596 2338 ab

203 2376 281 2418 ista
309 2375 540 2436 parasitica
568 2391 715 2419 mensa
740 2374 796 2418 ad
820 2375 934 2418 hanc
960 2376 1145 2435 regiam,
1168 2385 1210 2419 et
1234 2392 1312 2419 uos
1338 2376 1382 2419 in
1406 2376 1597 2419 scriben-

202 2455 267 2499 dis
294 2454 489 2516 cpistolis
513 2456 696 2516 juvabit.
721 2476 741 2496 ›>
771 2457 831 2500 Ac
858 2471 911 2498 ne
932 2456 1152 2499 recusanti
1182 2455 1360 2516 quidem
1387 2466 1464 2499 aut
1490 2473 1594 2500 suc-

202 2538 370 2581 censuit
398 2534 658 2597 quicquam,
695 2546 770 2580 aut
798 2537 1034 2580 amicitiani
1066 2553 1189 2580 suain
1222 2537 1422 2598 ingerere
1450 2536 1594 2580 desiit.

206 2619 385 2661 Exstant
422 2617 642 2678 epistoloe,
675 2634 726 2661 ex
762 2618 943 2678 quibus,
975 2619 1222 2679 argumenti
1257 2619 1418 2679 gratia,
1457 2635 1594 2679 pauca
