1971 3342
366 209 425 220 ννὶἱ
433 210 440 220 ἱ
446 208 1057 222 ἊΛΝᾸΝΝἋΜΝΙΛΝΛΝΜΝΙΝἯᾺΝἯἯΙΝΨἏΜἮΑΜ

1680 215 1741 227 m

566 360 669 416 DE
713 362 983 418 CLARIS
1028 361 1536 419 RHETORIBUS

961 547 1135 581 LIBER.

953 711 1155 722 *-

358 852 389 893 Ι.
421 810 735 896 RHETORICA
762 869 938 912 quoque
964 854 1081 914 apud
1111 870 1209 909 nos,
1236 853 1417 914 perinde
1443 864 1572 915 atque
1597 871 1741 915 gram—

357 933 538 988 matica,
566 950 662 976 sero
690 944 865 994 recepta
890 944 977 989 cst,
1005 933 1136 995 paulo
1159 935 1289 978 etiam
1308 934 1550 989 difficilius,
1576 936 1740 996 quippe

356 1029 487 1072 quam
517 1024 687 1057 constet
716 1031 1036 1075 nonnunquam
1068 1016 1197 1058 etiam
1228 1015 1496 1076 prohibitam
1532 1017 1737 1060 exerceri.

356 1092 490 1149 Quod
517 1110 572 1136 ne
598 1095 668 1137 cui
691 1093 875 1137 dubium
901 1096 981 1150 sit,
1005 1105 1129 1139 vetus
1156 1095 1612 1153 senatusconsultum,
1636 1097 1740 1139 item

357 1174 609 1217 censorium
631 1173 844 1230 edictum,
863 1176 1091 1235 subjiciam
1117 1193 1124 1218 :
1148 1195 1167 1216 «
1185 1176 1293 1220 Caio
1314 1176 1483 1219 Fannio
1504 1176 1742 1230 Strabone,

355 1255 417 1297 M.
453 1253 634 1298 Valerio
679 1254 892 1309 Messala,
933 1254 1213 1311 consulibus,
1253 1257 1430 1300 Marcus
1470 1257 1742 1317 Pomponius

357 1345 520 1395 praetor
559 1345 758 1379 senatum
799 1336 1031 1380 consuluit.
1071 1336 1205 1394 Quod
1242 1337 1374 1380 verba
1412 1336 1524 1381 facta
1555 1347 1657 1381 sunt
1687 1337 1742 1381 de

353 1414 630 1477 philosophis
660 1426 703 1460 et
732 1416 786 1460 de
814 1417 1089 1473 rhetoribus,
1118 1417 1171 1461 de
1196 1433 1244 1461 ea
1277 1434 1323 1461 re
1350 1418 1408 1461 ita
1434 1428 1701 1462 censuerunt
1729 1435 1738 1461 :

353 1498 416 1540 Ut
451 1498 513 1541 Μ.
544 1498 815 1558 Pomponius
845 1507 1007 1557 praetor
1037 1497 1428 1554 animadverteret,
1457 1508 1739 1559 curaretque,

353 1578 414 1620 uti
444 1578 480 1621 ei
507 1594 529 1621 e
554 1576 777 1638 republica
799 1578 971 1638 fideque
997 1595 1073 1622 sua
1097 1577 1334 1634 videretur,
1361 1587 1409 1622 ut
1430 1580 1582 1622 Romae
1603 1595 1657 1622 ne
1675 1596 1740 1623 es-

351 1667 460 1701 sent.
483 1677 503 1698 »
530 1660 596 1701 De
630 1658 806 1714 iisdem,
837 1658 1066 1718 interjecto
1095 1668 1312 1718 tempore,
1341 1660 1486 1702 Cneus
1516 1659 1739 1702 Domitius

350 1738 630 1782 AEnobarbus
647 1774 657 1793 ,
693 1748 736 1783 et
770 1740 934 1783 Lucius
970 1739 1166 1782 Licinius
1194 1741 1405 1795 Crassus,
1430 1755 1651 1796 censores,
1678 1739 1739 1782 ita

350 1818 581 1862 edixerunt
603 1836 612 1862 :
640 1839 660 1860 «
684 1820 1010 1863 Renunciatum
1036 1828 1100 1862 est
1125 1819 1277 1875 nobis,
1302 1835 1392 1862 esse
1414 1819 1640 1876 homines,
1662 1820 1738 1880 qui

352 1915 515 1942 novum
545 1916 684 1961 genus
711 1899 952 1960 disciplinae
983 1900 1270 1943 instituerunt
1295 1917 1303 1943 :
1327 1899 1382 1943 ad
1403 1916 1513 1960 quos
1528 1900 1737 1961 juventus

347 1979 394 2023 in
420 1978 571 2023 ludum
597 1981 857 2024 conveniat:
884 1997 956 2025 eos
984 1981 1063 2024 sibi
1092 1997 1250 2024 nomen
1278 1980 1532 2040 imposuisse
1555 1981 1737 2025 Latinos

347 2061 565 2105 Rhetoras
584 2079 592 2105 :
617 2062 676 2105 ibi
694 2062 891 2105 homines
908 2059 1257 2104 adolescentulos
1273 2068 1387 2103 totos
1409 2060 1500 2104 dies
1521 2060 1734 2105 desidere.

348 2143 539 2202 Majores
576 2144 739 2198 nostri,
773 2159 868 2203 quae
903 2141 1060 2185 liberos
1096 2158 1197 2185 suos
1238 2140 1425 2195 discere,
1464 2151 1506 2184 et
1544 2158 1654 2201 quos
1691 2142 1733 2185 in

347 2223 473 2266 ludos
496 2224 603 2267 itare
629 2222 809 2280 vellent,
840 2224 1138 2266 instituerunt.
1170 2224 1272 2265 Haec
1299 2238 1433 2277 nova,
1455 2238 1551 2282 quae
1573 2232 1734 2284 praeter

347 2305 714 2348 consuetudinem
750 2321 799 2348 ac
831 2321 999 2349 morem
1034 2304 1250 2365 majorum
1289 2303 1426 2359 fiunt,
1462 2320 1602 2364 neque
1635 2302 1731 2364 pla-

347 2395 470 2439 cent,
498 2402 636 2445 neque
666 2395 782 2429 recta
814 2385 1034 2429 videntur.
1065 2386 1351 2444 Quapropter
1386 2393 1428 2427 et
1455 2384 1525 2439 iis,
1555 2385 1631 2444 qui
1658 2400 1730 2428 eos

348 2465 474 2509 ludos
500 2466 689 2523 habent,
713 2476 756 2510 et
784 2466 861 2522 iis,
886 2466 961 2526 qui
987 2481 1037 2508 eo
1062 2466 1212 2508 venire
1237 2474 1525 2519 consuerunt,
1553 2464 1731 2508 videtur

345 2546 616 2600 faciendum,
651 2557 699 2590 ut
736 2546 1016 2606 ostendamus
1057 2555 1251 2589 nostram
1280 2546 1566 2600 sententiam,
1601 2545 1728 2587 nobis

348 2644 433 2669 non
464 2626 649 2687 placere.
673 2647 692 2668 n
716 2626 931 2671 Paulatim
957 2637 995 2669 et
1028 2627 1119 2686 ipsa
1147 2625 1265 2669 utilis
1289 2626 1561 2685 honestaque
1587 2641 1724 2686 appa-
