1988 3439
742 251 977 288 TIBERIUS.
1478 262 1491 285 1
1502 261 1550 296 29

165 356 216 384 ac
237 339 405 383 medius
429 339 542 382 inter
561 336 669 380 duos
690 333 888 379 consules
909 350 1012 378 cum
1034 337 1236 396 Augusto
1265 335 1394 379 simul
1416 333 1549 391 sedit,

167 419 304 477 unde,
331 417 496 481 populo
522 414 816 471 consalutato,
845 416 1013 459 circum
1042 413 1207 477 templa
1231 415 1443 460 deductus
1469 426 1547 462 est.

229 502 395 546 XVIII.
432 498 637 544 Proximo
665 513 782 540 anno
811 497 998 557 repetita
1021 497 1282 553 Germania,
1306 514 1442 558 quum
1462 499 1553 542 ani-

167 580 483 635 madverteret,
501 577 740 622 Varianam
763 575 930 620 cladem
951 578 1193 621 temeritate
1215 587 1258 621 et
1284 577 1551 640 negligentia

167 661 290 706 ducis
307 659 532 715 accidisse,
555 656 665 702 nihil
689 674 777 701 non
804 656 858 701 de
883 656 1053 701 consilii
1076 658 1290 702 sententia
1310 659 1412 720 egit.
1432 661 1553 703 Sem-

167 759 246 804 per
267 740 370 786 alias
398 740 466 784 sui
489 739 682 795 arbitrii,
708 748 1029 800 contentusque
1056 756 1101 783 se
1125 756 1237 797 uno,
1262 749 1368 784 tunc
1393 750 1553 801 praeter

167 820 532 868 consuetudinem
559 836 659 864 cum
683 818 885 881 pluribus
908 819 961 864 de
985 820 1157 864 ratione
1179 819 1283 865 belli
1309 821 1553 865 communi·

168 903 295 947 cavit.
317 904 482 947 Curam
503 917 678 962 quoque
701 898 830 945 solito
851 901 1117 944 exactiorem
1144 902 1359 962 praestitit.
1377 902 1553 962 Trajec-

167 993 292 1027 turus
331 983 562 1039 Rhenum,
600 991 894 1025 commeatum
931 997 1130 1039 omnem,
1165 981 1220 1026 ad
1260 992 1426 1026 certam
1464 982 1553 1026 for-

167 1062 333 1107 mulam
353 1063 602 1115 astrictum,
626 1079 714 1106 non
741 1072 842 1106 ante
867 1063 1130 1120 transmisit,
1154 1079 1285 1123 quam
1310 1064 1553 1108 consistens

168 1143 286 1205 apud
312 1145 453 1205 ripam
477 1142 744 1204 explorasset
770 1142 1075 1188 vehiculorum
1100 1160 1252 1201 onera,
1283 1161 1336 1189 ne
1363 1161 1449 1206 qua
1480 1145 1554 1189 de·

169 1235 471 1286 portarentur,
504 1225 585 1268 nisi
617 1241 841 1280 concessa,
871 1235 947 1268 aut
980 1226 1234 1269 necessaria.
1261 1228 1400 1271 Trans
1431 1227 1553 1272 Rhe-

170 1321 276 1350 num
301 1321 404 1348 vero
431 1321 531 1348 eum
558 1305 656 1348 vitae
680 1304 880 1348 ordinem
904 1306 1064 1361 tenuit,
1087 1315 1133 1349 ut
1155 1306 1308 1351 sedens
1328 1307 1371 1351 in
1392 1309 1555 1369 cespite

171 1384 290 1429 nudo
327 1386 473 1429 cibum
511 1394 711 1446 caperet3
747 1401 858 1446 saepc
892 1386 985 1429 sine
1024 1388 1216 1430 tentorio
1251 1399 1555 1448 pernoctaret;

170 1474 384 1526 praecepta
407 1465 628 1525 sequentis
654 1464 738 1508 diei
759 1465 929 1522 omnia,
954 1475 997 1509 et
1023 1467 1057 1509 si
1083 1467 1189 1526 qnid
1209 1469 1340 1511 subiti
1363 1471 1556 1514 muneris

170 1544 489 1607 injungendum
514 1554 643 1602 esset,
664 1562 742 1606 per
758 1544 926 1591 libellos
949 1547 1094 1603 daret;
1115 1547 1262 1592 addita
1290 1551 1556 1607 monitione,

168 1636 237 1683 ut,
272 1625 325 1670 de
359 1642 447 1686 quo
478 1626 665 1687 quisque
693 1627 936 1685 dubitaret,
965 1644 1034 1685 se,
1063 1645 1142 1672 nee
1170 1628 1255 1673 alio
1291 1630 1556 1692 interprete,

168 1723 429 1767 quacunque
453 1705 519 1749 vel
549 1708 687 1751 noctis
712 1707 819 1751 liora
849 1717 1059 1753 uteretur.

232 1789 352 1832 XIX.
382 1787 673 1849 Disciplinam
698 1789 910 1833 acerrime
935 1791 1102 1852 exegit,
1126 1792 1556 1837 animadversionum

170 1879 213 1914 et
226 1869 568 1930 ignominiarum
585 1869 815 1929 generibus
830 1887 880 1913 ex
899 1872 1160 1932 antiquitate
1185 1875 1402 1934 repetitis,
1427 1885 1558 1935 atque.

171 1950 302 1994 etiam
330 1947 473 2010 legato
502 1948 708 2010 legionis,
737 1951 856 2010 quod
884 1968 1047 2012 paucos
1081 1952 1239 1997 milites
1269 1971 1369 1997 cum
1399 1954 1557 1998 liberto

172 2046 252 2074 suo
290 2039 408 2073 trans
447 2030 588 2090 ripam
628 2041 833 2074 venatum
868 2033 1074 2089 misisset,
1114 2035 1355 2095 ignominia
1391 2045 1555 2078 notato.

173 2109 351 2165 Proelia,
375 2112 577 2170 quamvis
608 2112 841 2156 minimum
873 2113 1059 2157 fortunae
1089 2116 1349 2176 casibusque
1379 2117 1560 2177 permit-

176 2200 311 2244 teret,
341 2189 566 2250 aliquanto
593 2194 866 2237 constantius
900 2195 1066 2251 inibat,
1094 2197 1266 2256 quoties
1299 2196 1561 2240 lucubrante

175 2287 244 2326 se,
269 2269 413 2313 subito
438 2285 487 2313 ac
515 2271 634 2314 nullo
661 2272 958 2333 propellente,
983 2275 1203 2319 decideret
1230 2276 1404 2333 lumen,
1428 2287 1471 2320 et
1495 2294 1562 2320 ex-

176 2351 753 2412 stingueretur;considens,
778 2355 1003 2410 utaiebat,
1034 2366 1224 2411 ostento,
1245 2359 1325 2401 sibi
1352 2375 1402 2401 ac
1429 2359 1562 2417 majo—

179 2432 301 2475 ribus
323 2433 411 2475 suis
434 2432 475 2474 in
496 2434 613 2475 omni
636 2432 797 2476 ducatu
823 2435 1138 2494 expertissimo.
1166 2437 1272 2491 Sed,
1292 2455 1337 2481 re
1357 2456 1562 2499 prospere,

176 2522 312 2573 gesta,
326 2529 414 2555 non
430 2511 617 2556 multum
637 2514 796 2568 abfuit,
812 2515 918 2574 quin
936 2533 956 2557 a
971 2517 1182 2558 Bructero
1198 2517 1386 2575 quodam
1401 2518 1561 2561 occide-

178 2601 300 2636 retur
329 2610 337 2636 :
368 2593 437 2636 cui
470 2594 581 2636 inter
607 2595 829 2654 proximos
858 2597 1074 2650 versanti,
1101 2606 1139 2638 et
1170 2597 1459 2657 trepidatione
1487 2598 1560 2641 de-

180 2683 292 2716 tecto
308 2708 319 2728 ,
339 2675 571 2717 tormentis
595 2692 796 2734 expressa
820 2677 1032 2719 confessio
1054 2687 1113 2719 est
1138 2678 1314 2737 cogitati
1343 2677 1559 2722 facinoris

371 2770 396 2796 1.
1314 2774 1342 2817 9
