1988 3439
718 270 974 305 CLAUDIUS.
1459 272 1529 308 205

171 357 240 415 jus
267 365 452 412 motum,
488 365 528 399 et
567 354 781 407 habitum,
820 363 862 396 et
898 353 1108 395 incessum
1156 354 1416 412 imitaretur,
1453 357 1532 399 mi-

174 435 301 480 sellus
317 453 327 487 ;

384 548 501 597 :itu-Le?
523 553 606 585 πάνυ
636 553 664 584 ἐν
691 553 754 590 τοῖς
777 548 964 590 σπουδαίοις
989 553 1067 585 ).ίπιν”

174 681 247 724 ubi
276 696 363 724 non
387 678 605 723 aberravit
624 677 716 738 ejus
737 677 927 733 animus,
952 677 1054 721 satis
1068 686 1247 738 apparet
1262 676 1283 732 ἦ
1300 674 1373 733 τῆς
1388 674 1535 739 ψυχῆς

172 759 295 806 αὐτοῦ
310 753 540 813 εὐγένεια.»
561 760 671 802 Item
694 758 831 803 tertiis
854 756 1033 802 litteris:
1057 757 1310 802 «Tiberium
1334 767 1535 818 nepotem

172 851 296 885 tuum
324 839 491 901 placere
512 839 618 883 mihi
640 836 953 882 declamantem
978 837 1189 898 potuisse,
1213 854 1409 898 peream,
1440 839 1535 894 nisi,

172 938 265 965 mea
295 921 443 976 Livia,
479 918 682 964 admiror.
718 919 832 962 Nam
870 918 944 978 qui
978 926 1066 961 tam
1105 916 1276 975 ἀσαφῶς
1317 917 1536 978 loquatur,

171 1002 245 1061 qui
275 1000 428 1062 possit,
456 1015 591 1059 quum
616 996 857 1054 declamat,
880 1003 1020 1053 σαφῶς
1043 997 1206 1052 dicere,
1235 1014 1330 1058 quae
1353 997 1536 1042 dicenda

170 1090 291 1135 sunt,
322 1096 408 1124 non
435 1078 613 1122 video.»
636 1079 729 1122 Nec
759 1077 941 1121 dubium
966 1087 1046 1133 est,
1076 1078 1182 1138 quin
1206 1088 1304 1138 post
1330 1078 1421 1121 haec
1446 1079 1534 1122 Au-

171 1170 323 1220 gustus
349 1159 642 1211 constituerit,
672 1167 714 1201 et
738 1156 960 1218 reliquerit
991 1174 1090 1201 eum
1114 1157 1258 1211 nullo,
1281 1167 1437 1217 praeter
1460 1172 1537 1200 au-

174 1237 335 1300 guralis
364 1237 617 1294 sacerdotii,
642 1238 808 1281 honore
842 1238 1134 1298 impertitum,
1165 1253 1215 1280 ac
1248 1253 1302 1280 ne
1333 1235 1536 1280 heredem

174 1317 370 1378 quidem,
407 1317 486 1360 nisi
528 1318 639 1360 inter
669 1318 816 1360 tertios
842 1333 891 1360 ac
931 1333 1051 1377 paene
1085 1326 1332 1372 extraneos,
1363 1332 1385 1359 e
1413 1324 1536 1376 parte

174 1406 292 1440 sexta
324 1397 613 1458 nuncuparit,
649 1395 790 1457 legato
828 1413 1002 1456 quoque
1037 1413 1125 1440 non
1161 1395 1367 1457 amplius,
1405 1411 1535 1455 quam

172 1476 521 1536 octingentorum
547 1476 865 1531 sestertiorum,
892 1485 1161 1536 prosecutus.

232 1556 288 1600 V.
317 1555 515 1599 Tiberius
542 1564 723 1616 patruus
744 1555 907 1615 petenti
930 1556 1118 1599 honores
1137 1554 1384 1599 consularia
1409 1571 1538 1598 orna-

172 1643 317 1678 menta
354 1633 521 1678 detulit.
555 1633 640 1679 Sed
685 1635 915 1678 instantius
953 1633 1168 1696 legitimos
1213 1635 1456 1696 flagitanti,
1494 1633 1534 1677 id

171 1713 312 1758 solum
335 1713 544 1758 codicillis
571 1714 819 1776 rescripsit,
847 1714 1189 1776 «Quadraginta
1208 1731 1364 1759 aureos
1388 1715 1434 1757 in
1462 1715 1539 1758 Sa-

171 1793 360 1837 turnalia
385 1803 428 1837 et
454 1794 670 1854 Sigillaria
707 1795 871 1838 misisse
892 1796 980 1838 ei.»
1003 1797 1126 1838 Tunc
1149 1794 1346 1848 demum,
1371 1794 1539 1854 abjecta

171 1889 248 1933 spe
272 1872 515 1934 dignitatis,
531 1873 583 1916 ad
598 1875 734 1917 otium
749 1875 981 1929 concessit,
999 1875 1130 1918 modo
1151 1875 1193 1917 in
1209 1874 1347 1918 hortis
1370 1883 1412 1917 et
1435 1874 1537 1917 sub-

171 1953 359 2005 urbano,
389 1952 520 1996 modo
556 1953 598 1995 in
631 1955 880 2013 Campaniae
906 1970 1074 1997 secessu
1106 1953 1379 2009 delitescens3
1407 1963 1537 2013 atquc

171 2049 222 2076 ex
246 2032 535 2076 contubernio
563 2032 959 2076 sordidissimorum
987 2034 1235 2090 hominum,
1263 2049 1392 2093 super
1420 2042 1536 2076 vete-

172 2127 264 2155 rem
286 2113 476 2172 segnitiae
495 2121 663 2167 notam,
687 2112 907 2156 ebrietatis
931 2129 1104 2173 quoque
1127 2122 1169 2157 ct
1193 2112 1294 2156 alcae
1316 2112 1538 2156 infamiam

174 2190 320 2234 subiit.

237 2271 311 2313 VI.
339 2270 487 2327 Quum
509 2271 699 2326 interim,
714 2289 978 2333 quamquam
1001 2275 1082 2318 hoc
1101 2273 1231 2317 modo
1249 2274 1416 2335 agenti,
1436 2290 1541 2316 nun-

173 2365 302 2410 quam
331 2359 405 2393 aut
428 2350 617 2394 officium
636 2351 883 2407 hominum,
909 2363 983 2395 aut
1010 2355 1248 2397 reverentia
1275 2353 1445 2414 publica
1474 2353 1542 2396 dc-

173 2428 267 2472 fuit.
296 2431 505 2489 Equester
537 2430 645 2473 ordo
674 2431 739 2474 bis
779 2441 1012 2491 patronum
1039 2449 1135 2476 eum
1168 2433 1434 2492 perferendae
1459 2449 1539 2492 pro

172 2525 216 2552 se
236 2508 462 2570 legationis
483 2509 611 2570 clegit
640 2527 649 2553 :
675 2511 824 2563 semel,
852 2529 985 2571 quum
1007 2512 1322 2572 ‹lcportandum
1349 2516 1532 2556 Romam

172 2604 330 2649 corpus
354 2591 534 2650 Augusti
564 2591 753 2635 humeris
782 2593 869 2635 suis
897 2609 920 2636 a
947 2591 1197 2636 consulibus
1226 2602 1539 2652 exposcerent3

175 2668 354 2725 iterum,
381 2686 513 2729 quum
542 2687 795 2729 oppressum
816 2673 1019 2732 Scjanum
1050 2672 1166 2733 apud
1191 2672 1363 2716 cosdem
1389 2681 1537 2733 gratu·
