1988 3439
687 268 947 305 CLAUDIUS.
1432 279 1504 314 2¹9

133 357 254 401 ribus
292 357 424 418 Appii
459 365 502 400 et
535 355 736 414 deinceps
772 350 1040 412 aliquamdiu
1080 350 1308 396 libertinos
1340 353 1502 409 dictos,

134 454 221 482 non
260 438 397 498 ipsos,
431 436 506 497 qui
545 434 983 487 manumitterentur,
1013 430 1087 476 sed
1126 432 1336 492 ingenuos
1362 450 1412 477 ex
1438 434 1503 478 his

131 528 397 579 procreatos.
437 514 635 576 Collegio
671 523 939 575 quaestorum
978 529 1057 574 pro
1102 522 1293 556 stratura
1334 514 1501 557 viarum

132 597 440 660 gladiatorium
472 612 632 640 munus
667 595 884 656 injunxit3
926 593 1209 655 detractaque
1246 594 1425 638 ostiensi
1461 605 1503 638 et

133 677 289 741 gallica
313 677 556 740 provincia,
586 692 736 720 curam
760 676 901 719 aerarii
929 675 1110 720 Saturni
1135 674 1347 729 reddidit,
1374 691 1504 734 quam

133 758 278 803 medio
300 767 494 819 tempore
516 767 744 818 praetores,
769 765 869 812 aut,
901 757 963 800 uti
987 772 1124 811 nunc,
1149 765 1338 816 praetura
1366 755 1504 798 functi

132 838 443 883 sustinuerant.
471 835 775 898 Triumphalia
799 846 1056 881 ornamenta
1086 834 1257 893 Silano,
1297 834 1393 879 filiae
1420 853 1506 880 suae

132 935 313 980 sponso,
337 916 534 962 nondum
556 918 712 978 puberi
730 917 876 972 dedit;
902 916 1142 977 majoribus
1166 933 1267 960 vero
1292 926 1396 960 natu
1420 927 1506 961 tam

132 997 304 1055 multis,
331 1009 505 1059 tamque
540 997 686 1054 facile,
716 1009 763 1042 ut
797 996 979 1058 epistola
1007 998 1251 1041 communis
1288 996 1510 1058 legionum

133 1080 310 1124 nomine
333 1080 570 1134 exstiterit,
605 1080 875 1140 petentium,
909 1088 995 1123 «ut
1023 1077 1175 1140 legatis
1206 1077 1510 1123 consularibus

133 1159 262 1204 simul
288 1176 388 1204 curn
408 1161 601 1204 exercitu
625 1169 667 1204 et
692 1158 971 1220 triumphalia
996 1158 1228 1213 darentur,
1257 1175 1310 1201 ne
1333 1175 1509 1203 causam

134 1240 235 1285 belli
263 1256 441 1301 quoquo
468 1239 598 1283 modo
628 1249 884 1300 quaererent.
908 1259 928 1279 »
964 1241 1015 1283 A.
1048 1238 1219 1282 Plautio
1243 1239 1372 1282 etiam
1405 1256 1509 1283 ova-

136 1322 299 1364 tionem
326 1319 538 1374 decrevit3
563 1320 846 1380 ingressoque
860 1319 1025 1362 Urbem
1044 1320 1216 1362 obviam
1237 1335 1516 1380 progressus,

135 1410 178 1444 et
209 1401 252 1443 in
276 1397 546 1460 Capitolium
576 1400 722 1454 eunti,
753 1408 795 1442 et
830 1398 929 1442 inde
956 1416 1106 1443 rursus
1133 1401 1367 1443 revertenti
1397 1399 1511 1444 latus

137 1479 258 1525 texit.
284 1479 474 1524 Gabinio
500 1477 723 1534 Secundo,
753 1479 962 1533 Chaucis,
986 1488 1113 1539 gente
1142 1481 1411 1540 germanica,
1438 1497 1510 1524 su-

137 1560 317 1621 peratis,
342 1575 588 1621 cognomen
615 1559 839 1604 Clzaucz'lts
867 1575 1078 1620 usurpare
1103 1561 1331 1604 concessit.

200 1641 342 1684 XXV.
365 1642 600 1700 Equestres
627 1640 802 1683 militias
826 1641 886 1683 ita
908 1639 1150 1697 ordinavit,
1173 1650 1220 1684 ut
1241 1650 1339 1702 post
1357 1641 1511 1685 cohor-

137 1732 248 1776 tem,
275 1720 414 1776 alam3
442 1729 539 1782 post
567 1719 704 1776 alam,
734 1720 1003 1764 tribunatum
1031 1719 1216 1782 legionis
1244 1721 1397 1766 daret:
1433 1724 1510 1766 sti-

140 1800 384 1862 pendiaque
410 1801 623 1856 instituit,
649 1809 690 1844 et
712 1801 981 1862 imaginaria?
1011 1800 1176 1845 militiae
1201 1818 1364 1863 genus,
1391 1803 1510 1863 quod

140 1890 321 1926 vocatur
348 1896 487 1943 supra
507 1896 763 1935 numerum,
798 1898 885 1941 qno
910 1881 1135 1934 absentes,
1162 1891 1204 1925 et
1230 1881 1357 1925 titulo
1385 1892 1512 1926 tenus

139 1961 437 2023 fungerentur.
474 1959 638 2005 Milites
665 1960 821 2004 domus
853 1962 1092 2005 senatorias
1126 1960 1345 2005 salutandi
1384 1979 1512 2006 eausa

141 2040 330 2102 ingredi,
365 2041 496 2085 etiam
533 2050 706 2102 patrum
745 2041 917 2084 decreto
951 2041 1187 2101 prohibuit.
1237 2042 1512 2089 Libertinos,

140 2121 215 2181 qui
236 2137 280 2164 se
298 2136 377 2182 pro
400 2121 619 2180 equitibus
640 2122 831 2165 romanis
851 2131 1053 2183 agerent,
1072 2121 1324 2182 publicavit.
1359 2125 1512 2184 Ingra-

143 2210 230 2256 tos,
250 2209 290 2244 et
316 2203 369 2243 de
390 2200 549 2260 quibus
574 2201 744 2261 patroni
769 2212 1071 2261 quererentur,
1097 2204 1318 2246 revocavit
1350 2203 1392 2246 in
1422 2220 1514 2247 ser—

142 2280 348 2335 vitutem3
378 2279 684 2340 advocatisque
719 2297 868 2324 eorum
904 2284 1102 2343 negavit,
1141 2299 1185 2326 se
1221 2283 1430 2327 adversus
1464 2282 1516 2326 li—

142 2361 287 2405 bertos
324 2361 515 2420 ipsorum
548 2361 618 2420 jus
653 2360 887 2403 dicturum.
929 2364 1078 2418 Quum
1109 2362 1286 2422 quidam
1325 2380 1441 2423 :egra
1474 2373 1518 2406 et

142 2440 295 2485 affecta
333 2441 549 2501 mancipia
589 2441 630 2483 in
668 2438 852 2484 insulam
881 2441 1113 2502 AEsculapii
1152 2442 1279 2486 taedio
1313 2442 1513 2486 medendi

136 2531 429 2582 exponerent,
446 2538 609 2574 omnes,
625 2521 699 2581 qui
715 2532 1052 2581 exponerentur,
1078 2522 1234 2566 liberos
1250 2540 1340 2566 esse
1354 2525 1515 2576 sanxit,

143 2617 222 2646 nec
249 2600 390 2646 redire
420 2603 460 2644 in
487 2602 697 2644 ditionem
729 2602 912 2651 domini,
950 2604 980 2645 si
1015 2602 1361 2647 convaluissent:
1394 2603 1510 2663 quod

145 2683 176 2725 si
201 2682 296 2741 quis
322 2698 475 2725 necare
498 2699 624 2742 quein
655 2681 816 2727 mallet.
856 2700 984 2742 qnam
1013 2701 1247 2743 exponere,
1271 2683 1396 2727 raedis
1432 2684 1513 2726 «ϊί-
