1971 3342
367 185 377 206 1
390 171 433 207 52
990 173 1142 208 NOTAE

413 250 449 285 C.
470 251 652 285 ,Memmitss
682 250 779 285 Vide
809 263 945 297 supra,
973 263 1083 285 xx111.

412 311 450 346 C.
481 311 603 346 Calvo.
636 311 733 346 Vide
759 324 892 358 supra,
917 324 1020 346 xux.

410 373 584 408 Famosa.
611 373 658 409 H.
684 386 714 408 e.
741 374 892 409 Caesaris
917 374 1051 408 famam
1071 374 1253 408 laedentia.

416 433 622 469 Ver-siculis.
648 436 756 479 Quos
775 435 939 482 reperias
964 435 1066 482 apud
1093 436 1247 480 Catull.‚
1271 447 1364 470 xxxx
1388 446 1400 470 e

498 535 576 576 Quis
593 536 654 567 hoe
670 541 773 578 potest
788 535 910 574 videre,
928 536 997 577 quis
1016 542 1116 578 potest
1136 536 1218 578 pati,

496 591 566 623 Nisi
582 591 757 634 impudicus
769 616 777 630 ,
798 598 828 623 et
846 602 959 631 vorax,
981 598 1013 623 et
1028 592 1096 623 aleo
1107 615 1115 629 ‚

496 649 693 678 Mamurram
709 647 828 678 habere
841 671 849 685 ‚
867 646 953 689 quod
965 647 1092 679 Comata
1113 647 1215 679 Gallia

495 702 662 741 Habebat,
682 703 770 734 uncti
790 727 798 741 ‚
819 709 849 734 et
866 702 976 734 ultima
994 702 1169 734 Britannia.

410 796 497 831 Cn.
517 796 694 832 LXXIV.
720 798 885 831 Piratas.
911 797 1009 832 Vide
1029 810 1164 844 supra,
1190 810 1242 832 IV.

406 859 588 905 Jugulan‘.
615 858 731 893 Vivos
757 859 857 893 cruci
879 857 1055 907 suffigere
1078 859 1194 894 moris
1216 864 1295 894 erat
1303 872 1314 904 3
1333 859 1474 905 piratas
1497 858 1617 894 Caesar
1639 857 1747 906 prius

352 918 522 969 jugulari
537 919 664 965 jussit,
687 932 821 966 nempe
845 927 888 954 ut
907 921 1030 955 minus
1051 921 1228 956 acerbum
1252 927 1346 955 esset
1364 918 1603 967 supplicium.

407 981 594 1027 Phagitae.
621 982 657 1015 Is
683 981 791 1015 Sullae
818 981 992 1026 libertus,
1022 982 1068 1016 de
1098 994 1176 1029 quo
1196 993 1309 1028 supra
1332 993 1358 1015 1.

408 1045 444 1077 A
469 1054 593 1076 manu.
631 1042 677 1077 H.
709 1055 740 1077 e.
771 1053 1057 1085 amanuensem,
1081 1056 1160 1090 quo
1192 1056 1274 1078 sens
1328 1043 1383 1076 ad
1404 1055 1558 1077 manum
1587 1042 1626 1076 in
1650 1042 1746 1087 Cie.,

354 1104 402 1138 de
427 1105 530 1138 Orat.
546 1130 554 1145 ‚
579 1116 647 1147 111,
677 1103 726 1138 60
752 1116 760 1138 ε
781 1105 932 1148 «Quem
956 1118 1104 1140 servum
1123 1105 1183 1140 ille
1204 1105 1274 1140 sibi
1291 1103 1425 1139 hahuit
1450 1103 1498 1138 ad
1519 1116 1683 1139 manum.
1704 1119 1720 1135 »

406 1166 547 1200 Punic't.
569 1165 714 1212 Nempe
737 1171 779 1199 ut
805 1178 883 1200 non
905 1173 1028 1201 tortus
1051 1166 1192 1213 periret
1218 1181 1225 1200 :
1246 1165 1427 1201 Romanis
1446 1164 1545 1199 enim
1575 1165 1629 1200 fas
1648 1171 1747 1211 erat,

353 1238 480 1261 servos
511 1226 684 1274 torqueri
722 1233 807 1261 ante
836 1227 1080 1275 supplicium,
1112 1227 1142 1262 si
1173 1234 1306 1262 contra
1339 1226 1516 1261 dominos
1544 1226 1744 1274 conspira-

356 1288 505 1323 vissent.

409 1351 452 1385 P.
473 1349 655 1384 Clodium.
682 1350 779 1386 ‘Vide
803 1362 917 1397 supra
931 1377 940 1395 ‚
958 1363 1015 1385 VI.

408 1413 496 1446 CAP.
520 1413 676 1447 LXXV.
710 1411 937 1457 Deficc'ssent.
960 1412 1129 1460 Intellige
1156 1413 1222 1460 qui
1250 1425 1333 1448 suas
1356 1419 1483 1459 partes
1517 1413 1636 1447 secuti
1665 1422 1746 1446 non

360 1473 528 1508 fuissent.

408 1535 568 1570 Medios.
589 1535 635 1569 Η.
663 1548 693 1570 e.
723 1535 787 1582 qui
812 1547 937 1582 neque
960 1534 1157 1570 Caesariani
1175 1548 1300 1583 neque
1320 1535 1539 1583 Pompeiani
1559 1540 1690 1570 essent.

416 1596 589 1631 Ordines.
618 1596 793 1631 Suhaudi
815 1597 1030 1639 ducendos,
1056 1596 1079 1631 i.
1101 1609 1132 1631 e.
1160 1609 1255 1643 quos
1275 1597 1515 1632 centuriones
1540 1596 1691 1632 fecerat.

406 1658 648 1692 Paenitentia.
675 1659 820 1705 Nempe
839 1665 957 1705 paetae
985 1657 1225 1692 conditionis.

409 1720 485 1754 Nec
510 1719 580 1753 ulli
595 1719 754 1766 perisse.
784 1719 859 1754 Cic.
887 1732 959 1766 pro
991 1719 1139 1766 Ligur„
1166 1732 1205 1752 w
1228 1732 1235 1753 :
1262 1720 1385 1764 «Quis
1409 1732 1487 1754 non
1515 1731 1595 1754 eam
1631 1719 1748 1755 victo-

354 1781 448 1816 riam
475 1781 634 1827 probet‚
658 1781 696 1815 in
725 1793 800 1828 qua
817 1780 999 1816 occiderit
1021 1793 1150 1822 nemo,
1174 1780 1244 1815 nisi
1264 1780 1453 1816 armatus?
1474 1797 1489 1812 »

409 1843 460 1877 Ec
481 1843 627 1877 Fausto.
672 1844 820 1877 Auctor
855 1844 952 1876 Bell.
991 1842 1133 1888 Afric„
1159 1855 1231 1876 xcv
1265 1855 1273 1877 ι
1301 1859 1317 1874 «
1336 1843 1467 1878 Paucis
1491 1849 1579 1889 post
1614 1842 1748 1879 diebus

355 1904 583 1940 dissensione
604 1903 641 1937 in
662 1904 830 1938 exercitu
853 1911 929 1939 ortu
945 1931 955 1948 ,
977 1904 1137 1938 Faustus
1155 1903 1392 1939 et-Afranius
1423 1902 1717 1939 interficiuntur.
1733 1922 1747 1937 ›,

405 1968 445 2003 L.
479 1966 628 2001 Caesare
632 1965 778 2010 juvene.
799 1965 913 2000 Filius
933 1972 1011 2000 erat
1038 1966 1078 2000 L.
1107 1965 1279 2011 Caesarss,
1304 1965 1416 2015 legati
1442 1966 1481 2001 C.
1504 1965 1672 2011 Caesaris,
1700 1965 1747 2001 de

354 2028 460 2074 cujus
483 2035 582 2063 sorte
615 2028 712 2062 inter
736 2040 773 2062 se
798 2034 970 2062 auctores
1001 2039 1079 2061 non
1106 2027 1357 2062 consentiunt.
1386 2027 1485 2062 Vide
1515 2033 1612 2062 auct.
1647 2028 1743 2062 Bell.

353 2089 493 2135 Afric.,
522 2101 667 2124 Lxxx1x
712 2090 853 2134 onn.‚
878 2100 995 2133 xL111,
1023 2100 1109 2135 219.

408 2154 530 2199 Atque
561 2150 745 2197 Pompeii.
780 2150 991 2194 Plutarch,
1021 2150 1195 2196 Apoph„
1223 2162 1260 2197 p.
1293 2149 1366 2185 205
1397 2163 1405 2184 :
1436 2149 1517 2190 Επεὶ
1545 2153 1583 2189 δὲ
1615 2156 1744 2200 Καῖσαρ

355 2220 519 2264 κρατήσας
541 2219 598 2257 τὰς
622 2217 791 2263 Πομπηΐου
812 2215 1104 2263 καιταῖεὲλημένας
1121 2219 1241 2256 εἰκόνας
1268 2219 1428 2254 ἀνέστησε
1449 2219 1535 2263 μετὰ
1554 2223 1667 2263 τιμῆς,
1689 2219 1745 2261 ἔφη

355 2280 428 2326 περὶ
458 2283 554 2314 acmo)
575 2282 673 2325 λέγων
696 2282 710 2312 ὁ
736 2281 879 2325 Κικέρων
902 2281 949 2312 ὅτι
972 2284 1027 2312 τοῦ
1054 2279 1224 2325 Πομπηΐου
1254 2281 1384 2325 Καῖσαρ
1417 2280 1508 2319 ἱστὰς
1537 2276 1748 2325 ἀνδριάντας,

357 2343 414 2381 τὰς
438 2345 552 2375 ἑαυτοῦ
575 2343 724 2387 πτζγνυσι.

411 2407 583 2442 Coecc'nae.
618 2408 819 2441 Burmann.
856 2407 956 2440 hunc
987 2407 1279 2442 Volaterranum
1303 2419 1379 2442 esse
1410 2414 1539 2454 putat,
1565 2417 1638 2454 pro
1665 2417 1743 2453 quo

360 2468 492 2503 Cicero
516 2468 724 2503 orationem
742 2467 888 2502 habuit.
908 2469 1052 2502 Ernest.
1082 2468 1245 2503 incertus
1267 2474 1330 2504 est.

415 2531 533 2565 Libro.
550 2530 647 2565 Vide
668 2531 768 2574 C1c.‚
795 2530 917 2576 Epist.
943 2530 997 2563 ad
1018 2531 1123 2563 Fam.
1139 2556 1148 2571 ‚
1176 2528 1256 2565 5—8.

411 2591 590 2625 Pitholai.
611 2593 666 2626 Dc
685 2592 758 2625 hoc
777 2591 945 2625 Macrob.
960 2618 968 2634 ,
993 2589 1136 2624 Saturn.
1161 2603 1209 2635 11,
1232 2603 1264 2625 2.
