1971 3342
285 260 332 296 30
825 258 865 294 C.
896 258 1130 293 SUETONII

283 357 416 404 atque
441 343 484 387 in
511 343 654 404 prima
680 340 973 404 gratulatione
1000 349 1251 401 porrectum
1280 338 1360 382 sibi
1389 355 1413 383 a
1441 338 1632 399 quodam
1662 356 1670 382 :

283 442 363 469 nec
390 433 493 468 ante
530 424 574 467 in
603 423 864 468 Praetorium
896 421 1046 478 rediit,
1074 437 1207 482 quam
1233 419 1449 482 flagrante
1477 418 1668 464 triclinio

283 521 337 550 ex
374 513 592 566 conceptu
632 504 792 548 camini
821 518 992 563 :quum
1029 500 1225 562 quidem,
1270 500 1589 556 consternatis,
1632 510 1675 544 et

284 586 409 646 quasi
433 585 582 630 omine
616 584 800 629 adverso
826 583 966 628 anxiis
989 582 1216 638 omnibus,
1241 602 1260 623 «
1283 584 1429 637 Bono,
1449 600 1471 623 a>
1500 581 1674 642 inquit,

284 686 305 708 «
322 668 472 711 animo
497 675 655 722 estote3
687 665 814 709 nobis
834 663 1008 720 alluxit3
1029 683 1050 706 »
1078 662 1200 708 nullo
1223 679 1423 707 sermone
1444 660 1530 706 alio
1558 661 1675 723 apud

285 747 445 792 milites
469 763 588 792 usus.
616 746 931 792 Consentiente
959 744 1117 789 deinde
1141 745 1273 788 etiam
1299 743 1539 805 superioris
1568 758 1673 803 pro-

284 829 439 872 vinciae
466 828 688 885 exercitu,
712 828 787 888 qui
814 827 936 887 prius
963 843 986 869 a
1016 824 1159 870 Galba
1191 824 1246 869 ad
1276 833 1477 868 senatum
1505 822 1676 868 defece-

285 919 373 966 rat,
414 925 660 971 cognomen
696 907 974 962 Germanici,
1010 905 1202 951 delatum
1240 905 1294 950 ab
1335 905 1570 962 universis,
1597 921 1677 949 cu—

285 990 388 1051 pide
422 991 588 1052 recepit
617 1007 626 1033 z
657 990 863 1050 Augusti
886 987 1054 1033 distulit
1080 1005 1089 1031 :
1117 987 1316 1032 Ccesarz's
1341 987 1384 1029 in
1413 994 1676 1047 perpetuum

285 1071 522 1115 recusavit.

350 1153 431 1196 IX.
467 1153 531 1196 Ac
556 1149 744 1195 subinde
779 1150 896 1194 caede
925 1148 1080 1194 Galbae
1103 1150 1392 1205 annunciata,
1426 1148 1680 1210 compositis

290 1233 553 1295 germanicis
585 1232 736 1289 rebus,
783 1231 973 1292 partitus
1017 1240 1083 1275 est
1117 1231 1290 1292 copias,
1326 1246 1435 1291 quas
1474 1228 1681 1273 adversus

287 1314 515 1358 Othonem
547 1313 855 1375 praemitteret,
895 1327 1092 1372 quasque
1128 1311 1219 1372 ipse
1256 1309 1527 1372 perduceret.
1564 1311 1679 1354 Prae-

287 1396 421 1439 misso
465 1395 662 1456 agmine,
707 1392 856 1437 laetum
906 1392 1053 1437 evenit
1079 1392 1353 1453 auspicium3
1392 1389 1611 1451 siquidem
1658 1406 1681 1432 a

291 1485 416 1536 parte
450 1474 603 1519 dextra
634 1483 813 1535 repente
843 1472 990 1534 aquila
1024 1470 1268 1527 advolavit,
1304 1471 1587 1531 lustratisque
1624 1470 1679 1514 si-

288 1557 411 1619 gnis,
439 1557 663 1618 ingressus
689 1555 806 1599 viam
836 1554 996 1598 sensim
1029 1552 1274 1597 antecessit.
1309 1554 1369 1597 At
1392 1561 1565 1608 contra,
1586 1552 1681 1612 ipso

289 1647 522 1694 movente,
555 1648 708 1681 statuae
735 1646 984 1697 equestres,
1010 1652 1148 1696 quum
1175 1633 1452 1695 plurifariam
1473 1634 1511 1677 ei
1542 1650 1679 1695 pone-

289 1729 459 1776 rentur,
490 1718 639 1763 fractis
671 1727 852 1779 repente
879 1716 1084 1761 cruribus
1111 1716 1275 1777 pariter
1301 1724 1567 1759 corruerunt
1595 1732 1603 1758 ε
1637 1723 1678 1758 et

289 1799 459 1855 laurea,
483 1816 617 1860 quam
638 1797 963 1860 religiosissime
985 1795 1364 1851 circumdederat,
1388 1797 1432 1839 in
1456 1795 1680 1857 profluen-

288 1891 375 1925 tem
413 1880 587 1925 excidit.
621 1882 729 1924 Mox
766 1880 952 1923 Viennae
981 1895 1063 1940 pro
1097 1876 1307 1922 tribunali
1340 1877 1443 1937 jura
1480 1875 1680 1921 reddenti

287 1961 555 2025 gallinaceus
580 1978 712 2023 supra
736 1961 971 2005 humerum
986 1995 997 2016 ,
1017 1976 1067 2003 ac
1085 1959 1243 2003 deinde
1260 1960 1304 2002 in
1325 1959 1468 2019 capite
1494 1957 1678 2002 adstitit.

290 2043 466 2102 Quibus
485 2042 668 2086 ostentis
692 2057 771 2102 par
790 2040 1023 2101 respondit'
1037 2041 1178 2083 exitus
1205 2056 1214 2082 :
1240 2056 1342 2082 nam
1370 2038 1680 2083 confirmatum

288 2140 368 2185 per
391 2122 558 2184 legatos
583 2138 685 2166 suos
714 2122 970 2183 imperium,
1003 2136 1080 2181 per
1105 2136 1148 2164 se
1183 2121 1374 2163 retinere
1398 2136 1488 2163 non
1518 2119 1678 2180 potuit.

353 2207 410 2248 X.
445 2206 512 2248 De
542 2202 805 2248 betriacensi
838 2201 1021 2245 victoria
1057 2210 1099 2244 et
1134 2201 1326 2246 Othonis
1357 2201 1506 2258 exitu,
1541 2216 1676 2261 quum

289 2286 434 2330 adhuc
455 2286 500 2329 in
521 2283 668 2331 Gallia
690 2293 822 2341 esset,
855 2282 992 2327 audiit
1018 2300 1026 2326 :
1051 2281 1248 2344 nihilque
1271 2292 1525 2339 cunctatus,
1551 2282 1676 2343 quic-

289 2366 395 2428 quid
422 2367 786 2428 praetorianarum
829 2364 1080 2409 cohortium
1107 2363 1210 2418 fuit,
1242 2373 1291 2407 ut
1316 2363 1494 2425 pessimi
1532 2379 1677 2407 exem-

288 2447 373 2510 pli,
416 2464 506 2492 uno
543 2447 844 2492 exauctoravit
882 2445 1047 2502 edicto,
1089 2445 1233 2506 jussas
1274 2444 1463 2488 tribunis
1506 2442 1677 2487 tradere

289 2546 425 2573 arma.
466 2530 659 2573 Centum
696 2537 841 2572 autem
888 2536 1019 2586 atque
1057 2525 1240 2587 viginti,
1275 2541 1464 2586 quorum
1504 2521 1674 2567 libellos

291 2610 461 2654 Othoni
488 2609 612 2654 datos
638 2610 889 2662 invenerat,
919 2608 1249 2667 exposcentium
1277 2605 1455 2668 praemia
1491 2605 1546 2649 ob
1581 2602 1672 2647 edi-

294 2700 382 2734 tam
406 2691 451 2733 in
481 2689 598 2734 caede
624 2689 778 2734 Galbae
807 2704 985 2749 operam
1007 2722 1017 2744 ,
1053 2687 1279 2747 conquiri,
1303 2696 1345 2730 et
1369 2684 1586 2747 supplicio
1609 2683 1671 2727 af-
