1971 3342
415 242 461 273 36
948 238 986 272 C.
1017 237 1245 273 SUETONII

413 329 703 364 assurrectum
722 320 775 364 ab
798 321 1009 365 universis
1032 321 1075 364 in
1099 321 1291 376 theatro,
1309 328 1351 364 et
1371 335 1396 362 a
1419 318 1633 363 stantibus
1652 317 1773 380 plau-

412 417 534 457 sum,
562 401 811 461 gravissime
837 411 1014 461 questus
1043 407 1119 445 est.
1145 402 1317 446 Amicos
1344 400 1404 444 ita
1426 415 1608 460 magnos
1631 408 1674 442 et
1695 415 1775 459 po-

411 490 550 524 tentes
578 482 619 524 in
645 482 817 525 civitate
845 497 934 524 esse
962 478 1127 538 voluit,
1155 490 1201 525 ut
1230 491 1373 525 tamen
1400 479 1494 541 pari
1514 479 1612 539 jure
1635 487 1776 522 essent

409 577 497 620 quo
515 561 664 616 ceteri,
683 559 935 621 legibusque
946 560 1186 622 judiciariis
1204 577 1322 621 aeque
1338 567 1605 604 tenerentur.
1624 558 1775 616 Quum

408 641 624 700 Asprenas
653 641 852 697 Nonius,
884 642 1019 685 artius
1047 642 1085 684 ei
1113 641 1318 701 junctus,
1346 656 1519 684 causam
1550 638 1775 694 veneficii,

408 729 637 763 accusante
672 720 820 763 Cassio
858 723 1044 776 Severo,
1079 720 1266 776 diceret3
1298 718 1517 763 consuluit
1550 726 1776 772 senatum,

409 799 512 859 quid
532 800 661 844 officii
683 801 748 844 sui
764 810 937 861 putaret
960 818 968 844 ε
991 820 1011 841 «
1026 801 1233 845 Cunctari
1251 801 1366 844 enim
1389 816 1453 856 se,
1470 815 1546 855 ne,
1569 798 1603 843 si
1628 814 1776 859 super-

407 890 536 937 esset,
563 881 746 942 eriperet
782 880 950 942 legibus
983 899 1125 936 reum3
1158 882 1222 926 sin
1252 880 1436 937 deesset,
1466 879 1699 924 destituere
1727 894 1776 922 ac

406 961 702 1020 praedamnare
720 963 907 1005 amicum
925 963 1290 1006 existimaretur.»
1309 964 1385 1017 Et,
1405 958 1775 1005 consentientibus

406 1042 640 1097 universis,
674 1042 783 1086 sedit
816 1044 859 1086 in
892 1042 1103 1087 subselliis
1133 1060 1209 1103 per
1239 1041 1407 1101 aliquot
1437 1042 1590 1095 horas3
1623 1055 1776 1083 verum

406 1121 581 1175 tacitus,
607 1138 654 1164 ac
678 1139 730 1165 ne
754 1122 1002 1167 laudatione
1024 1123 1201 1183 quidem
1218 1120 1410 1182 judiciali
1436 1121 1548 1163 data.
1573 1119 1712 1163 Affuit
1735 1128 1777 1162 et

404 1198 633 1244 clientibus
651 1219 659 1244 :
681 1202 791 1245 sicut
808 1203 1006 1246 Scutario
1027 1202 1220 1257 cuidam,
1237 1210 1416 1244 evocato
1436 1199 1656 1260 quondam
1676 1215 1777 1251 suo,

405 1281 479 1338 qui
515 1279 817 1340 postulabatur
853 1282 1125 1342 injuriarum.
1163 1283 1313 1325 Unum
1342 1280 1521 1323 omnino
1549 1295 1572 1322 e
1600 1294 1772 1321 reorum

407 1376 617 1416 numero,
657 1378 706 1404 ac
743 1378 796 1404 ne
834 1378 933 1404 eum
969 1361 1171 1421 quidem,
1207 1361 1288 1403 nisi
1325 1359 1554 1420 precibus,
1588 1357 1774 1418 eripuit,

406 1449 583 1482 exorato
622 1456 768 1483 coram
804 1441 1022 1500 judicibus
1062 1450 1337 1494 accusatore,
1375 1438 1661 1495 Castricium,
1698 1453 1778 1498 per

403 1535 534 1578 quem
565 1519 616 1562 de
642 1520 944 1579 conjuratione
968 1523 1165 1565 Murenae
1189 1528 1463 1581 cognoverat.

467 1600 603 1641 LVII.
643 1602 727 1642 Pro
756 1600 913 1659 quibus
942 1601 1106 1643 meritis
1134 1610 1301 1660 quanto
1328 1615 1458 1659 opere
1486 1597 1669 1642 dilectus
1697 1599 1774 1653 sit,

403 1677 526 1722 facile
551 1689 615 1722 est
638 1679 895 1723 existimare.
922 1681 1092 1724 Omitto
1117 1679 1517 1736 senatusconsulta,
1543 1679 1645 1739 quia
1673 1694 1775 1738 pos-

402 1767 503 1800 sunt
549 1758 683 1801 videri
726 1757 791 1801 vel
836 1760 1086 1803 necessitate
1127 1776 1353 1820 expressa,
1392 1758 1458 1802 vel
1498 1757 1774 1802 verecundia.

402 1838 580 1896 Equites
618 1839 802 1880 Romani
844 1837 1035 1882 natalem
1077 1840 1168 1899 ejus
1209 1850 1362 1900 sponte
1399 1848 1528 1899 atque
1564 1854 1775 1882 consensu

399 1916 534 1961 biduo
556 1934 724 1977 semper
748 1917 1038 1962 celebrarunt.
1061 1922 1226 1963 Omnes
1244 1920 1416 1963 ordines
1437 1920 1480 1962 in
1502 1918 1643 1962 lacum
1664 1919 1775 1962 Cur-

404 1998 449 2040 tii
478 1998 713 2057 quotannis
743 2014 793 2041 ex
823 2008 924 2041 voto
954 2016 1034 2058 pro
1063 1998 1200 2042 salute
1231 1999 1322 2058 ejus
1354 1999 1507 2058 stipem
1531 1997 1773 2058 jaciebant:

400 2078 504 2119 item
549 2076 745 2119 kalendis
784 2077 995 2135 januariis
1037 2087 1226 2120 strenam
1268 2078 1311 2120 in
1356 2076 1575 2138 Capitolio
1592 2111 1603 2133 ,
1642 2077 1772 2120 etiam

400 2155 566 2199 absenti
591 2173 599 2198 :
622 2173 671 2199 ex
692 2172 777 2216 qua
802 2173 971 2200 summa
994 2158 1300 2217 pretiosissima
1324 2160 1518 2201 Deorum
1543 2155 1772 2201 simulacra

400 2245 643 2291 mercatus,
677 2237 849 2279 vicatim
881 2237 1108 2281 dedicabat
1143 2255 1151 2280 ε
1190 2247 1237 2281 ut
1269 2237 1517 2299 Apollinem
1551 2236 1772 2282 Sandalia-

400 2317 541 2369 rium,
574 2325 615 2358 ct
644 2318 792 2359 Joveni
821 2316 1109 2377 Tragoedum,
1144 2316 1326 2377 aliaque.
1364 2320 1414 2361 In
1451 2318 1768 2362 restitutionem

399 2394 602 2438 Palatinae
624 2395 798 2451 domus,
824 2395 1022 2439 incendio
1044 2396 1302 2456 absumptae⁷
1324 2397 1534 2453 veterani,
1559 2397 1767 2446 decuriae,

401 2473 564 2530 tribus,
597 2485 725 2535 atque
756 2477 884 2518 ctiam
921 2475 1171 2536 singillatim
1207 2493 1229 2519 e
1266 2486 1409 2520 cetero
1441 2493 1598 2537 genere
1626 2475 1767 2519 homi-

400 2569 525 2608 num,
551 2553 731 2598 libentes
756 2571 804 2598 ac
833 2572 911 2614 pro
938 2554 1140 2598 facultate
1168 2556 1352 2615 quisque
1376 2556 1581 2616 pecunias
1607 2563 1762 2598 contu-

402 2630 566 2685 lerunt3
594 2632 809 2676 delibante
842 2634 1144 2677 tantnnnnodo
1178 2652 1227 2677 co
1263 2651 1527 2678 summarum
1562 2649 1763 2689 acervos,
