1988 3407
464 219 528 255 DE
558 219 886 255 ILLUSTRIBUS
917 220 1286 256 GRAMMATICIS.
1535 226 1581 267 ‹s›

197 299 555 361 diligentissimus
593 313 706 356 erat,
745 319 880 363 quum
925 312 966 346 et
1003 302 1200 346 officinas
1241 303 1583 363 promercalium

199 383 382 426 vestium
426 393 674 439 exerceret,
716 393 760 427 et
793 399 920 444 agros
962 383 1069 426 adeo
1112 382 1298 439 coleret,
1339 394 1384 427 ut
1424 386 1582 441 vitem,

197 479 329 506 manu
357 465 448 524 ejus
478 465 722 508 institutam
741 499 751 518 ‚
791 464 893 506 satis
927 473 1097 506 constet
1139 473 1330 507 trecenta
1359 466 1583 526 sexaginta

195 545 393 604 quinque
415 561 513 588 vasa
540 543 736 587 edidisse.
767 543 850 587 Sed
876 545 1066 587 maxime
1090 544 1303 605 flagrabat
1324 543 1582 589 libidinibus

196 626 239 667 in
274 623 498 678 mulieres,
526 641 661 685 usque
683 624 736 668 ad
766 624 989 669 infamiam
1018 626 1105 668 oris
1129 642 1137 668 :
1167 625 1372 685 dictoque
1400 641 1489 669 non
1516 628 1582 670 in-

195 704 336 748 faceto
372 715 567 748 notatum
611 704 757 748 ferunt
787 705 1043 765 cujusdam,
1073 706 1170 766 qui,
1208 722 1345 766 quum
1381 707 1424 749 in
1456 707 1584 750 turba

193 784 391 829 osculum
414 785 493 828 sibi
515 787 813 846 ingerentem,
839 802 1105 846 quamquam
1130 786 1371 848 refugiens,
1393 786 1586 832 devitare

195 882 282 909 non
308 876 474 927 posset,
502 886 523 907 ι(
541 867 618 910 Vis
646 876 720 922 tu,
741 888 762 908 »
792 867 954 928 inquit,
982 887 1003 909 ι(
1022 869 1246 928 magister,
1272 869 1446 929 quoties
1471 867 1587 913 festi-

196 956 371 990 nantem
397 944 589 1007 aliquem
616 947 760 1000 vides,
786 947 1080 1010 abligurrire?
1101 969 1120 989 υ

259 1028 425 1071 XXIV.
461 1029 522 1071 M.
551 1027 752 1072 Valerius
778 1029 976 1084 Probus,
1007 1032 1230 1090 Berytius‚
1259 1030 1333 1075 diu
1363 1034 1585 1076 centuria-

194 1118 286 1151 tum
312 1108 463 1168 petiit,
486 1107 626 1152 donec
650 1108 777 1153 taedio
799 1109 852 1153 ad
871 1109 1014 1153 studia
1036 1127 1083 1154 se
1103 1111 1302 1155 contulit.
1330 1114 1519 1174 Legerat
1541 1114 1586 1157 in

196 1190 424 1249 provincia
449 1189 661 1249 quosdam
686 1200 850 1234 veteres
874 1189 1045 1234 libellos
1071 1191 1188 1252 apud
1216 1196 1587 1253 grammatistam,

195 1268 382 1313 durante
418 1269 563 1314 adhuc
599 1270 657 1314 ibi
693 1272 977 1330 antiquorum
1008 1273 1247 1327 memoria,
1272 1273 1457 1318 necdum
1488 1291 1585 1318 om-

197 1351 302 1394 nino
330 1350 517 1405 abolita,
546 1352 656 1395 sicut
688 1354 852 1396 Romae.
881 1355 973 1396 Hos
1001 1369 1138 1413 quum
1165 1353 1420 1416 diligentius
1456 1372 1585 1417 repe-

198 1441 310 1487 tere,
335 1441 468 1492 atque
491 1430 597 1475 alios
618 1432 822 1494 deinceps
851 1449 1115 1494 cognoscere
1134 1446 1332 1496 cuperet,
1357 1438 1558 1496 quamvis
1576 1473 1587 1493 ,

197 1528 348 1556 omnes
374 1515 619 1569 contemni,
643 1513 872 1575 magisque
900 1515 1142 1575 opprobrio
1163 1514 1429 1578 legentibus,
1453 1535 1586 1578 quam

196 1592 345 1654 glorias
380 1603 423 1638 et
456 1593 617 1638 fructui
651 1610 763 1651 esse,
797 1595 1185 1653 animadverteret,
1217 1596 1505 1643 nihilominus
1543 1601 1587 1644 in

198 1675 427 1735 proposito
449 1676 607 1718 mansit
628 1692 636 1718 :
660 1673 886 1736 multaque
910 1676 1176 1737 exemplaria
1197 1688 1422 1723 contracta
1444 1696 1589 1724 emen-

200 1753 325 1811 dare,
344 1771 395 1798 ac
419 1754 709 1817 distinguere,
734 1765 774 1799 et
801 1766 1012 1801 annotare
1035 1758 1232 1815 curavit,
1254 1758 1334 1802 soli
1359 1760 1484 1817 huic,
1508 1777 1588 1804 nec

198 1833 276 1878 ulli
303 1846 514 1896 praeterea
546 1837 851 1896 grammatices
879 1838 1017 1897 parti,
1045 1837 1233 1883 deditus.
1264 1841 1346 1884 Hic
1374 1857 1461 1884 nou
1500 1851 1586 1885 tam

199 1915 460 1977 discipulos,
489 1933 621 1976 quam
649 1926 885 1960 sectatores
914 1916 1107 1978 aliquot,
1144 1919 1314 1963 habuit.
1343 1922 1586 1981 Nunquam

198 1997 314 2040 enim
338 1997 397 2040 ita
421 1996 569 2041 docuit
585 2031 596 2052 ,
619 2007 667 2040 ut
688 1998 882 2059 magistri
908 2014 1140 2058 personam
1167 2001 1414 2044 sustineret.
1436 2003 1586 2046 Unum

199 2075 262 2120 vel
304 2076 513 2132 alterum,
553 2076 639 2133 vel,
681 2095 817 2138 quum
855 2077 1091 2139 plurimos,
1129 2089 1216 2123 tres
1252 2090 1328 2125 aut
1365 2092 1589 2141 quatuor,

201 2157 553 2218 postmeridianis
593 2158 712 2202 horis
748 2159 980 2203 admittere
1005 2159 1198 2214 solebat,
1223 2162 1496 2223 cubansque,
1526 2164 1590 2206 in-

203 2249 268 2282 ter
296 2237 452 2300 longos
475 2255 525 2283 ac
548 2238 749 2300 vulgares
771 2257 992 2284 sermones
1010 2276 1020 2296 ‚
1045 2240 1188 2303 legere
1207 2242 1428 2302 quaedam,
1454 2243 1590 2304 idque

202 2333 395 2379 perraro.
430 2319 573 2363 Nimis
602 2336 740 2380 pauca
777 2329 817 2363 et
853 2321 1006 2382 exigua
1038 2321 1090 2364 de
1117 2322 1380 2381 quibusdam
1412 2324 1590 2367 minutis

202 2397 528 2458 quaestiunculis
554 2398 702 2444 edidit.
730 2399 925 2461 Reliquit
947 2411 1093 2445 autem
1120 2419 1209 2446 non
1239 2403 1503 2448 mediocrem
1525 2404 1592 2448 sil-

204 2494 301 2522 vam
329 2479 685 2532 observationum
716 2483 930 2526 sermonis
955 2484 1139 2543 antiqui.

725 2632 733 2634 -
752 2628 1065 2641 -——-———--—r
1080 2634 1121 2637 w-
