1971 3342
389 233 456 255 102
913 223 951 255 C.
981 221 1208 256 SUETONII

385 301 650 360 nucibusque
683 299 858 345 ludebat
892 319 990 345 cum
1022 303 1167 362 pueris
1199 301 1398 356 minutis,
1424 315 1530 359 quos
1564 298 1668 342 facie
1693 308 1735 341 et

385 379 639 439 garrulitate
685 380 887 424 amabiles
934 381 1124 440 undique
1168 379 1475 439 conquirebat,
1519 377 1734 437 praecipue

384 459 560 502 Mauros
582 469 623 501 et
646 461 788 519 Syros.
815 461 928 504 Nam
952 458 1160 519 pumilos,
1183 469 1311 519 atque
1334 458 1558 514 distortos,
1583 465 1626 499 et
1649 472 1739 499 om-

387 554 459 580 nes
482 539 648 598 generis
670 538 882 599 ejusdem,
907 548 955 581 ut
980 537 1164 581 ludibria
1188 548 1352 582 naturae
1375 536 1561 596 malique
1584 535 1740 579 ominis

385 618 659 661 abhorrebat.

447 698 693 740 LXXXIV.
729 696 1031 757 Eloquentiam
1061 697 1288 757 studiaque
1321 695 1514 740 liberalia
1538 695 1592 738 ab
1620 702 1743 737 aetate

387 777 524 836 prima
562 786 602 819 et
637 776 791 836 cupide
828 787 870 820 et
906 776 1237 820 laboriosissime
1270 776 1472 820 exercuit.
1506 773 1744 818 Mutinensi

386 854 523 911 bello,
550 856 594 898 in
621 864 739 898 tanta
766 855 879 899 mole
905 873 1076 913 rerum,
1102 866 1143 899 et
1169 855 1342 917 legisse,
1372 864 1414 897 et
1440 854 1679 913 scripsisse,
1704 861 1745 895 et

388 933 649 977 declamasse
684 934 876 994 quotidie
913 935 1112 978 traditur.
1147 937 1258 979 Nam
1294 933 1492 993 deinceps
1527 948 1666 991 neque
1703 931 1747 973 in

389 1023 565 1070 senatu,
596 1030 734 1074 neque
759 1014 874 1074 apud
900 1013 1137 1074 populum,
1164 1030 1303 1073 neque
1333 1013 1447 1073 apud
1481 1010 1662 1067 milites,
1691 1010 1752 1054 lo-

389 1102 515 1135 cutus
538 1103 601 1136 est
625 1110 840 1152 unquam,
869 1095 949 1136 nisi
973 1094 1178 1136 meditata
1203 1103 1244 1136 et
1268 1093 1507 1151 composita
1533 1091 1751 1142 oratione,

390 1176 585 1234 quamvis
606 1191 693 1217 non
718 1175 975 1219 deficeretur
994 1175 1047 1216 ad
1067 1175 1207 1217 subita
1229 1171 1513 1232 extemporali
1536 1170 1750 1214 facultate.

391 1256 450 1297 Ac
475 1271 527 1297 ne
550 1253 794 1314 periculum
815 1254 1030 1297 memoriae
1053 1252 1211 1308 adiret,
1234 1262 1309 1296 aut
1332 1253 1375 1294 in
1398 1249 1627 1294 ediscendo
1649 1260 1755 1293 tem-

392 1351 472 1394 pus
499 1334 766 1389 absumeret,
796 1334 983 1377 instituit
1006 1334 1185 1375 recitare
1209 1332 1368 1375 omnia.
1396 1332 1621 1373 Sermones
1644 1346 1753 1389 quo-

392 1430 476 1472 que
501 1430 599 1456 cum
622 1412 822 1473 singulis,
847 1423 975 1471 atque
998 1413 1125 1455 etiam
1148 1428 1246 1454 cum
1268 1411 1389 1453 Livia
1414 1426 1489 1453 sua
1513 1409 1754 1469 graviores,

396 1495 569 1537 nonnisi
600 1495 803 1553 scriptos,
831 1504 873 1536 et
901 1509 923 1536 e
950 1492 1096 1535 libello
1126 1492 1334 1547 habebat,
1360 1507 1412 1534 ne
1438 1490 1534 1550 plus
1560 1490 1756 1533 minusve

394 1574 647 1634 loqueretur
678 1591 727 1617 ex
763 1584 970 1634 tempore.
1006 1572 1329 1616 Pronunciabat
1363 1570 1477 1614 dulci
1509 1580 1550 1614 et
1581 1570 1757 1630 proprio

396 1653 586 1713 quodam
609 1655 695 1697 oris
723 1670 852 1707 sono,
876 1652 1093 1712 dabatque
1118 1651 1287 1696 assidue
1312 1652 1531 1711 phonasco
1558 1665 1757 1709 operam3

397 1733 470 1776 sed
490 1750 805 1793 nonnunquam
826 1732 1089 1776 infirmitatis
1110 1731 1326 1786 faucibus,
1349 1730 1559 1789 praeconis
1578 1745 1682 1772 voce
1704 1727 1758 1771 ad

398 1812 611 1873 populum
638 1814 918 1856 concionatus
945 1822 1020 1856 est.

459 1894 681 1936 LXXXV.
718 1891 862 1936 Multa
887 1893 993 1935 varii
1017 1892 1186 1952 generis
1211 1907 1338 1951 prosa
1360 1890 1555 1933 oratione
1581 1905 1759 1948 compo-

398 1972 504 2028 suit,
532 1989 583 2015 ex
612 1973 768 2032 quibus
796 1971 1007 2015 nonnulla
1034 1973 1078 2014 in
1105 1980 1217 2013 coetu
1247 1968 1547 2022 familiarium,
1576 1966 1694 2010 velut
1720 1967 1762 2010 in

398 2053 638 2108 auditorio,
668 2053 889 2106 recitavit3
924 2052 1034 2094 sicut
1062 2049 1287 2110 Rescripta
1317 2050 1454 2091 Bruto
1481 2047 1534 2091 de
1563 2048 1724 2091 Catone
1749 2064 1761 2089 .-

399 2148 494 2191 quae
516 2131 733 2174 volumina
752 2147 886 2190 quum
899 2130 990 2189 jam
1015 2130 1159 2173 senior
1178 2145 1225 2171 ex
1246 2144 1401 2188 magna
1426 2136 1546 2186 parte
1571 2125 1764 2186 legisset,

401 2210 606 2271 fatigatus
631 2211 805 2254 Tiberio
835 2209 1013 2252 tradidit
1040 2207 1313 2268 perlegenda.
1346 2209 1455 2250 Item
1481 2207 1765 2250 Hortatz‘ones

402 2291 466 2334 ad
470 2291 803 2353 philosophiam
821 2325 833 2344 ,
863 2300 905 2333 et
925 2288 1067 2349 aliqua
1083 2289 1138 2333 de
1164 2290 1257 2332 vitet
1280 2304 1386 2341 sua,
1413 2303 1540 2346 quam
1560 2285 1766 2329 tredecim

405 2371 544 2428 libris,
574 2372 832 2415 Cantabrico
851 2381 976 2414 tenus
993 2369 1129 2424 bello,
1160 2386 1236 2412 nec
1260 2368 1394 2422 ultra,
1424 2366 1634 2428 exposuit.
1660 2367 1766 2408 Poe-

408 2452 535 2494 ticam
567 2452 815 2494 summatim
846 2451 1002 2511 attigit.
1029 2452 1154 2493 Unus
1181 2448 1287 2491 liber
1313 2456 1473 2503 exstat,
1500 2446 1684 2505 scriptus
1713 2443 1766 2486 ab

1273 2536 1527 2569 0>timentum
1552 2534 1594 2567 et
1617 2521 1767 2566 titulus

1272 2562 1295 2587 r>

408 2618 490 2663 cst,
514 2610 677 2653 ‚Sicilia
702 2612 850 2653 Exstat
870 2609 975 2651 alter
997 2624 1115 2666 atquc
1141 2606 1334 2649 modicus
1360 2608 1735 2667 E'plgl'mnmalum
1756 2636 1765 2651 ,

405 2547 455 2573 co
483 2531 742 2574 hexametris
765 2531 985 2583 versibus,
1008 2530 1130 2587 cujus
1157 2537 1195 2569 et
1221 2544 1267 2569 ai·
