1988 3407
210 285 268 298 m
272 285 333 298 “W
340 285 460 299 sssum
464 286 523 298 mx
526 286 712 300 »ςικιὶΛ-ἱιιιι
715 286 724 296 ⁸
727 285 742 297 ἱ
747 285 773 296 b!
778 286 837 298 vnvm
843 287 870 297 ιι
874 287 887 298 ι
890 286 967 298 §aasz
971 287 983 297 ι
986 286 999 297 s
1002 286 1031 297 ιι
1035 284 1063 295 tx
1066 284 1079 295 ἱ
1082 283 1468 298 txsxmmmxmm
1474 284 1534 296 ms
1537 285 1597 298 ηυγ»

602 465 934 521 LUCANI
982 464 1196 519 VITA.

815 668 992 678 »ς’-.-

212 801 316 883 Μ.
340 842 539 884 ANNAEUS
560 840 800 894 LucANcs,
826 838 1147 895 Cordubensis,
1173 839 1314 900 prima
1339 840 1505 902 ingenii
1526 857 1598 885 ex-

207 921 451 982 perimenta
470 920 513 963 in
540 921 725 964 Neronis
746 919 947 964 laudibus
970 919 1088 964 dedit
1111 920 1435 981 quinquennali
1458 932 1597 966 certa-

205 1001 334 1044 mine.
371 1001 485 1044 Dein
523 999 649 1044 civile
693 999 879 1055 bellum,
914 1000 1034 1061 quod
1060 1018 1084 1044 a
1112 1002 1324 1062 Pompeio
1352 1012 1394 1045 et
1422 1005 1594 1048 Caesare

204 1092 375 1144 gestum
403 1091 491 1138 est,
517 1083 731 1126 recitavit.
758 1082 849 1138 Qui
872 1092 1003 1126 tantae
1035 1081 1222 1126 levitatis
1247 1092 1288 1126 et
1319 1093 1406 1127 tam
1437 1085 1594 1127 immo-

205 1162 364 1206 deratae
389 1161 549 1223 linguae
573 1155 675 1219 fuit,
705 1173 751 1205 ut
782 1163 824 1205 in
854 1161 1108 1223 praefatione
1138 1163 1326 1223 quadam
1355 1174 1526 1208 aetatem
1554 1174 1595 1207 et

209 1242 331 1286 initia
367 1258 444 1285 sua
481 1259 582 1286 cum
616 1241 805 1304 Virgilio
834 1259 1120 1303 comparans,
1159 1260 1289 1287 ausus
1326 1245 1379 1287 sit
1408 1244 1553 1289 dicere
1585 1263 1593 1288 :

207 1332 284 1366 «et
313 1332 528 1382 quantum
552 1323 659 1366 mihi
687 1333 817 1366 restat
844 1322 895 1366 ad
920 1322 1182 1368 Culicem?»
1206 1325 1307 1379 Hic,
1333 1326 1458 1368 initio
1486 1326 1589 1369 ado-

206 1401 439 1459 lescentiae,
464 1420 599 1464 quum
620 1403 676 1447 ob
699 1403 904 1447 infestum
923 1405 1254 1448 matrimonium
1274 1415 1443 1466 patrem
1465 1423 1590 1451 suum

206 1485 297 1528 ruri
327 1500 456 1546 agere
492 1483 620 1546 longe
655 1485 959 1546 cognovisset,
989 1495 1219 1529 revocatus
1246 1486 1431 1530 Athenis
1458 1504 1482 1530 a
1509 1489 1595 1531 Ne-

204 1581 336 1621 rone,
366 1565 629 1626 cohortique
658 1566 898 1609 amicorum
929 1565 1128 1622 additus,
1161 1576 1292 1627 atque
1319 1568 1450 1611 etiam
1476 1585 1595 1628 qum—

204 1657 327 1690 stura
355 1647 626 1701 honoratus,
655 1663 742 1690 non
771 1657 916 1690 tamen
947 1647 1187 1707 permansit
1210 1648 1252 1690 in
1276 1649 1430 1708 gratia.
1454 1649 1596 1709 Siqui-

204 1726 300 1771 dem
328 1744 442 1788 aegre
474 1727 642 1782 ferens,
671 1728 880 1771 recitante
907 1745 975 1783 se,
1001 1728 1173 1785 subito,
1199 1745 1248 1773 ac
1275 1728 1394 1772 nulla
1422 1731 1505 1773 nisi
1527 1747 1594 1774 re-

205 1808 442 1870 frigerandi
482 1809 546 1852 sui
585 1825 740 1864 causa,
781 1808 946 1852 indicto
984 1819 1162 1865 senatu,
1200 1811 1421 1854 Neronem
1453 1828 1592 1855 reces-

206 1890 332 1942 sisse;
371 1906 514 1950 neque
554 1889 697 1932 verbis
735 1889 945 1932 adversus
984 1891 1257 1950 principem,
1293 1907 1436 1951 neque
1471 1891 1594 1935 factis

204 1970 472 2013 exstantibus
510 1979 607 2030 post
640 1970 731 2013 haec
759 1971 1018 2030 temperavit
1050 1988 1058 2013 :
1087 1970 1197 2014 adeo
1224 1981 1269 2014 ut
1297 1971 1521 2030 quondam
1551 1974 1593 2015 in

206 2051 376 2094 latrinis
408 2049 614 2111 publicis,
640 2049 824 2093 clariore
846 2050 1034 2110 strepitu
1061 2052 1224 2094 ventris
1248 2052 1430 2107 emisso,
1455 2052 1592 2095 hemi-

203 2131 407 2175 stichium
430 2132 616 2175 Neronis
634 2148 789 2191 magna
809 2147 1116 2175 consessorum
1137 2131 1239 2193 fuga
1258 2133 1563 2193 pronunciarit
1584 2151 1591 2176 :

206 2212 338 2256 «Sub
377 2213 502 2256 terris
533 2213 728 2256 tonuisse
764 2222 902 2272 putes.
928 2232 949 2253 »
990 2212 1073 2256 Sed
1115 2222 1157 2256 et
1196 2213 1365 2256 famoso
1398 2214 1592 2257 carmin(-

203 2308 339 2352 quum
369 2293 537 2353 ipsum,
564 2303 657 2335 tum
685 2293 1011 2352 potentissimos
1040 2293 1282 2336 amicorum
1302 2328 1313 2350 ,
1340 2294 1591 2353 gravissime

205 2372 431 2433 proscidit.
459 2372 523 2417 Ad
547 2383 790 2416 extremum
814 2390 937 2433 paene
961 2373 1143 2434 signifer
1165 2375 1410 2418 Pisonianae
1436 2375 1591 2434 conju-

203 2454 387 2497 rationis
409 2454 570 2496 exstitit
593 2470 602 2495 ε
626 2452 790 2497 multus
816 2454 857 2496 in
881 2452 1020 2514 gloria
1048 2453 1424 2513 tyrannicidarum
1447 2453 1590 2515 palam

203 2533 505 2594 praedicanda‘,
524 2551 572 2576 ac
593 2532 746 2594 plenus
769 2535 1014 2587 minarum;
1041 2551 1178 2594 usque
1200 2551 1252 2577 eo
1277 2535 1593 2595 intemperans,

203 2623 249 2657 ut
275 2615 457 2658 Caesaris
488 2624 618 2674 caput
646 2616 846 2675 proximo
877 2616 1035 2675 cuique
1065 2616 1262 2675 jactaret.
1293 2616 1485 2671 Verum,
1517 2615 1591 2658 ‹to-

203 2704 314 2739 tecta
340 2695 673 2755 conjuratione,
700 2712 976 2756 nequaquam
1003 2696 1135 2739 animi
1168 2697 1459 2739 constantiani
1485 2713 1589 2756 prse-

401 2792 446 2819 ιι.
1372 2780 1396 2815 8
