1988 3439
576 266 818 303 OCTAVIUS
848 271 1113 310 AUGUSTUS.
1482 299 1528 333 97

165 337 261 382 dem
300 343 498 390 cubuisse
539 349 686 406 aiunt,
727 352 805 395 nisi
851 353 1004 398 humili
1043 367 1083 400 et
1127 360 1295 406 modice
1335 367 1528 414 instrato.

165 419 295 464 Veste
318 438 406 466 non
435 434 593 470 temere
617 427 699 472 alia
724 446 854 491 quarn
881 433 1113 481 domestica
1143 455 1246 485 usus
1272 454 1360 501 est,
1387 448 1439 491 ab
1466 467 1532 493 so-

164 514 261 543 rore
281 511 321 544 et
345 519 479 548 uxore
501 515 542 548 et
561 505 649 551 filia
669 511 958 574 neptibusque
977 517 1173 563 confecta
1196 538 1205 564 :
1231 524 1364 584 togis,
1391 543 1532 588 neque

162 581 392 638 restrictis,
424 600 564 645 neque
594 587 700 633 fusis
727 607 736 632 :
770 589 916 650 clavo,
947 612 1026 640 nec
1057 597 1167 656 lato,
1196 617 1276 646 nec
1308 617 1495 666 angusto
1521 627 1529 652 :

161 657 452 707 calciamentis
476 664 743 726 altiusculis,
776 682 825 715 ut
855 677 1079 734 procerior
1111 697 1242 740 quam
1277 694 1390 739 erat,
1416 687 1532 731 vide-

160 748 292 784 retur.
319 744 374 786 Et
398 742 584 790 forensia
611 759 755 793 autem
781 762 823 795 et
849 753 1013 801 calceos
1040 776 1264 821 nunquam
1299 781 1387 808 non
1418 767 1531 812 intra

158 819 406 867 cubiculum
437 824 613 884 habuit,
639 829 693 873 ad
725 832 892 878 subitos
925 840 1264 902 repentinosque
1299 861 1422 889 casus
1456 865 1531 908 pa-

157 908 261 944 rata.

217 982 417 1028 LXXIV.
459 989 788 1037 Convivabatur
813 1005 855 1039 et
883 999 1080 1056 assidue,
1115 1018 1194 1047 nec
1224 1021 1417 1067 unquam
1447 1011 1527 1054 nisi

153 1071 294 1119 recta,
326 1081 414 1109 non
449 1068 542 1112 sine
572 1087 732 1133 magno
765 1076 970 1122 ordinum
1004 1080 1319 1146 hominumque
1352 1088 1526 1136 dilectu.

152 1141 354 1189 Valerius
393 1149 580 1193 Messala
620 1154 775 1211 tradit,
815 1159 1032 1203 neminem
1072 1179 1262 1224 unquam
1303 1166 1527 1214 libertino-

153 1238 252 1266 rum
276 1224 518 1272 adhibitum
543 1230 595 1273 ab
621 1248 672 1275 eo
697 1250 851 1292 coenae,
880 1251 1060 1300 excepto
1086 1244 1240 1301 Mena,
1266 1248 1337 1291 sed
1365 1262 1527 1295 asserto

152 1301 197 1345 in
229 1304 571 1365 ingenuitatem,
604 1322 702 1371 post
733 1316 950 1375 proditam
982 1321 1076 1365 Sex.
1111 1325 1303 1386 Pompeii
1331 1328 1524 1374 classem.

150 1383 248 1442 Ipse
271 1386 442 1440 scribit,
465 1389 666 1434 invitasse
687 1408 731 1436 se
757 1397 1011 1454 quemdam,
1037 1402 1079 1443 in
1106 1404 1230 1462 cujus
1255 1406 1356 1450 villa
1378 1426 1525 1453 inane-

149 1471 236 1518 ret,
262 1465 336 1524 qui
363 1467 608 1526 speculator
633 1488 736 1516 suus
762 1473 865 1518 olim
890 1476 1053 1523 fuisset.
1083 1483 1296 1529 Convivia
1323 1505 1525 1534 nonnun-

148 1558 279 1602 quam
311 1554 353 1588 et
384 1548 521 1591 serius
554 1550 714 1608 inibat,
745 1563 788 1597 et
820 1559 1034 1603 maturius
1065 1561 1359 1623 relinquebat3
1388 1586 1523 1629 quum

147 1624 342 1668 convivae
361 1636 404 1669 et
425 1643 595 1673 coenare
617 1631 879 1693 inciperent,
908 1639 1162 1700 priusquam
1189 1643 1260 1688 ille
1282 1646 1524 1693 discumbe-

145 1712 233 1759 ret,
256 1713 298 1748 et
319 1720 646 1768 permanerent,
668 1711 861 1774 digresso
881 1733 943 1760 eo.
967 1722 1146 1765 Coenam
1168 1727 1300 1769 ternis
1325 1727 1522 1787 ferculis,

144 1793 245 1840 aut,
288 1802 425 1846 quum
469 1789 868 1850 abundantissime,
909 1801 1022 1844 senis
1063 1804 1308 1863 praebcbat,
1349 1820 1394 1853 ut
1436 1828 1521 1855 non

144 1864 279 1909 nimio
310 1876 512 1927 sumth,
541 1870 600 1913 ita
638 1888 807 1918 summa
843 1880 1057 1924 comitate.
1098 1885 1210 1928 Nam
1237 1897 1279 1930 et
1315 1889 1368 1931 ad
1406 1908 1523 1935 com-

142 1947 394 1990 munionem
425 1952 636 1995 sermonis
668 1962 859 1999 tacentes
885 1958 949 2001 vel
981 1964 1245 2008 summissim
1276 1967 1520 2017 fabulantes

143 2027 433 2085 provocabat,
465 2038 508 2072 et
535 2040 612 2074 aut
640 2046 887 2080 acroamata
918 2049 960 2082 et
991 2040 1249 2101 histriones,
1284 2059 1359 2092 aut
1389 2052 1517 2096 ctiam

143 2103 333 2150 triviales
373 2124 424 2151 ex
460 2109 575 2153 circo
613 2109 756 2157 ludios
792 2115 1121 2179 interponebat,
1157 2140 1206 2167 ac
1247 2126 1518 2188 frequentius

142 2184 398 2246 aretalogos.

205 2266 387 2310 LXXV.
424 2270 572 2313 Festos
604 2282 646 2315 et
682 2273 892 2321 solemnes
927 2279 1016 2324 dies
1048 2284 1367 2344 profusissime,
1404 2307 1515 2335 non-

143 2361 370 2406 nunquam
397 2357 568 2393 tantum
591 2352 874 2412 joculariter,
899 2358 1156 2408 celebrabat.
1185 2368 1515 2426 Saturnalibus,

140 2435 182 2468 et
216 2426 250 2469 si
279 2427 456 2487 quando
491 2429 595 2475 alias
632 2431 854 2492 libuisset,
889 2440 1018 2483 modo
1054 2459 1234 2489 munera
1268 2448 1514 2506 dividebat,

140 2516 323 2562 vestem,
351 2519 393 2552 et
422 2526 597 2569 aurum,
623 2524 665 2558 ct
691 2528 919 2577 argentum
949 2538 957 2563 :
987 2522 1116 2566 modo
1146 2541 1345 2571 nummos
1373 2533 1514 2576 omnis

142 2597 277 2644 notae,
319 2590 448 2633 ctiam
476 2602 654 2637 -vetercs
691 2597 831 2657 regios
870 2616 919 2642 ac
956 2605 1206 2663 peregrinos
1243 2624 1251 2649 ι
1291 2608 1509 2655 interdum

141 2666 246 2711 nihil
270 2680 426 2729 praetcr
450 2671 587 2716 cilicia
613 2684 653 2717 ct
677 2680 899 2739 spongias,
924 2691 965 2723 et
992 2684 1212 2738 rutabula,
1238 2698 1279 2730 et
1305 2688 1510 2750 forpices,

331 2766 358 2793 1.
1245 2774 1267 2817 7
