1988 3439
629 274 665 307 C.
697 273 866 308 JULIUS
896 274 1073 310 CAESAR.
1485 289 1530 322 27

178 369 263 396 rem
301 356 433 415 regite
466 355 623 399 lectica:
638 390 650 409 ,
687 372 737 399 ac
767 357 901 400 Curio
936 356 1150 401 stabulum
1183 359 1437 410 Nec-omem&
1450 396 1463 416 ‚
1492 371 1533 404 et

179 434 454 495 Βιῒργηιόιυη
475 435 692 492 Jbrm'cem
729 435 891 480 dicunt.
927 437 1061 480 Missa
1094 438 1222 480 etiam
1257 438 1365 482 facio
1395 440 1532 484 edicta

178 513 346 570 Bibuli,
372 514 528 574 quibus
560 515 809 574 proscripsit
838 513 1047 576 collegam
1075 532 1226 573 suum,
1254 518 1532 579 Bithynicam

179 593 368 652 reginam
401 609 413 635 .-
455 592 612 652 «eique
643 610 786 654 regern
818 604 943 638 antea
973 594 1102 639 fuisse
1129 595 1273 651 cordi,
1301 613 1417 640 nunc
1447 615 1536 642 esse

178 687 405 731 regnum.»
432 671 534 729 Quo
561 681 778 732 tempore,
805 683 854 717 ut
876 675 939 718 Μ.
962 676 1124 718 Brutus
1150 675 1304 733 refert,
1328 677 1534 721 Octavius

177 750 304 792 etiam
335 749 535 809 quidam,
570 751 817 796 valetudine
852 754 1009 798 mentis
1045 752 1219 798 liberius
1256 755 1407 812 dicax,
1436 773 1537 801 con-

178 838 309 871 ventu
324 829 508 874 maximo
525 847 658 890 quum
672 833 927 893 Pompeium
942 849 1085 894 regem
1101 833 1378 895 appellasset,
1395 836 1536 897 ipsum

177 908 371 967 reginam
400 907 614 954 salutavit.
645 910 729 955 Sed
756 913 806 956 C.
834 913 1066 957 Memmius
1092 914 1222 958 etiam
1250 914 1303 958 ad
1333 916 1537 976 cyathum

178 994 221 1028 et
250 987 399 1030 vinum
430 988 659 1033 Nicomedi
694 991 858 1034 stetisse
888 992 1070 1052 objecit,
1099 1008 1198 1037 cum
1232 993 1408 1054 reliquis
1435 1012 1537 1039 exo-

179 1062 301 1121 letis,
336 1065 465 1126 pleno
508 1069 736 1127 convivio,
773 1071 1081 1117 accubantibus
1119 1072 1338 1118 nonnullis
1378 1075 1539 1119 urbicis

182 1147 540 1206 negotiatoribus,
566 1166 752 1208 quorum
772 1151 902 1194 refert
921 1153 1108 1197 nomina.
1131 1154 1283 1197 Cicero
1306 1171 1430 1211 vero,
1453 1171 1539 1198 non

181 1234 411 1270 contentus
438 1228 481 1270 in
511 1229 769 1287 quibusdam
803 1231 996 1291 epistolis
1028 1233 1264 1293 scripsisse,
1297 1250 1320 1277 a
1352 1233 1541 1277 satelliti-

182 1303 261 1347 bus
286 1320 384 1348 euin
410 1307 452 1348 in
477 1307 723 1351 cubiculum
749 1310 914 1369 regium
939 1310 1160 1368 eductum,
1187 1313 1230 1356 in
1253 1329 1383 1357 aureo
1404 1312 1540 1370 lecto,

182 1393 299 1427 veste
330 1400 550 1444 purpurea
578 1385 829 1430 decubuisse
846 1422 857 1444 ,
886 1388 1123 1449 floremque
1152 1393 1288 1435 aetatis
1314 1409 1338 1435 a
1374 1395 1541 1436 Venere

183 1463 267 1505 orti
311 1463 354 1505 in
398 1464 598 1525 Bithynia
643 1467 982 1511 contaminatum
1021 1485 1030 1511 :
1067 1469 1286 1528 quondam
1331 1472 1457 1515 etiam
1498 1473 1541 1515 in

183 1551 332 1586 senatu
360 1542 604 1588 defendenti
630 1548 756 1606 Nysae
783 1564 980 1605 causam,
1004 1547 1103 1593 filiae
1126 1550 1393 1608 Nicomedis,
1417 1552 1544 1596 bene-

183 1621 364 1683 ficiaque
392 1624 503 1684 regis
533 1625 577 1667 in
605 1641 648 1668 se
675 1629 1059 1684 commemoranti,
1086 1632 1339 1686 «Remove,
1372 1632 1537 1692 inquit,

186 1702 324 1757 istaec,
352 1718 430 1746 oro
458 1712 524 1757 te3
555 1704 729 1764 quando
757 1716 909 1750 notum
944 1717 1033 1765 est,
1065 1718 1107 1752 et
1139 1709 1244 1769 quid
1278 1709 1347 1753 ille
1372 1711 1474 1767 tibi,
1503 1721 1544 1755 et

185 1780 288 1840 quid
321 1780 381 1825 illi
416 1792 507 1827 tute
541 1783 757 1829 dederis.»
789 1786 958 1831 Gallico
991 1788 1176 1849 denique
1210 1791 1434 1851 triumpho
1469 1791 1547 1834 mi-

184 1859 278 1904 lites
313 1862 404 1921 ejus
442 1863 552 1906 inter
583 1874 724 1908 cetera
759 1868 976 1923 carmina,
1014 1868 1156 1928 qualia
1194 1886 1371 1914 currum
1405 1887 1549 1931 prose-

184 1949 364 1999 quentes
391 1940 643 2001 joculariter
675 1954 860 2001 canunt,
898 1947 1024 1990 etiam
1064 1947 1407 2010 vulgatissimum
1441 1949 1548 1994 illud

183 2021 579 2079 pronuntiaverunt
603 2040 612 2066 :

309 2157 445 2192 Gallias
470 2159 587 2195 Caesar
611 2161 775 2209 subegit,
795 2162 1015 2199 Nicomedes
1034 2163 1221 2199 Caesarem.

311 2218 402 2253 Ecce
422 2219 538 2254 Caesar
557 2233 653 2256 nunc
673 2223 890 2270 triumphat,
915 2225 977 2272 qui
999 2225 1142 2273 subegit
1162 2226 1319 2261 Gallias:

313 2279 532 2315 Nicomedes
551 2294 627 2316 non
647 2283 865 2330 triumphat,
885 2285 947 2332 qui
970 2286 1113 2334 subegit
1136 2288 1325 2323 Caesarem.

250 2420 297 2462 L.
334 2420 524 2463 Pronum
552 2429 595 2464 et
627 2431 928 2482 sumptuosum
963 2425 1005 2466 in
1038 2423 1236 2470 libidines
1268 2426 1419 2481 fuisse,
1452 2443 1551 2471 con-

187 2508 303 2542 stans
337 2500 486 2558 opinio
514 2510 605 2555 est,
635 2500 931 2562 plurimasque
961 2513 1001 2546 et
1034 2503 1220 2548 illustres
1252 2505 1432 2549 feminas
1459 2524 1554 2550 cor-

188 2579 352 2638 rupisse
374 2595 382 2621 :
407 2579 448 2621 in
473 2579 629 2638 quibus
657 2581 955 2625 Postliumiam
985 2584 1120 2627 Servii
1147 2583 1346 2643 Sulpi‹·ii,
1366 2584 1549 2629 Lolliam

190 2656 284 2701 Auli
309 2658 511 2711 Gabinii,
543 2658 778 2704 Tertullam
808 2663 867 2705 Μ,
901 2664 1070 2718 Crassi,
1098 2664 1224 2706 ctiam
1253 2665 1332 2706 Cn.
1362 2666 1550 2725 Pompeii
