1988 3439
724 259 982 294 CALIGULA.
1480 272 1495 294 1
1505 260 1551 304 67

246 345 323 388 IX.
356 342 568 405 Caligulae
603 359 847 404 cognomen
885 342 1093 386 castrensi
1121 342 1222 403 joco
1260 345 1418 403 traxit,
1451 345 1554 406 quia

179 423 469 485 manipulario
495 423 647 467 habitu
671 423 783 466 inter
808 422 967 468 milites
989 421 1269 468 educabatur.
1291 425 1421 485 Apud
1444 443 1552 487 quos

177 514 389 564 quantum
412 514 620 566 praeterea
642 520 718 564 per
742 502 854 548 hanc
878 504 1250 548 nutrimentorum
1274 507 1553 551 consuetudi-

182 601 279 628 nem
304 601 455 643 amore
490 594 534 629 et
567 585 708 646 gratia
737 582 950 641 valuerit,
981 585 1168 628 maxime
1205 586 1431 646 cognitum
1460 596 1552 642 est,

177 681 315 725 quum
342 676 440 727 post
467 682 687 710 excessum
712 667 899 728 Augusti
926 664 1272 724 tumultuantes,
1297 677 1339 711 et
1366 668 1409 710 in
1434 668 1553 713 furo-

176 762 268 789 rem
298 762 433 807 usque
462 747 729 808 praecipites,
757 745 874 792 solus
904 747 1022 791 haud
1051 747 1181 792 dubie
1209 758 1445 809 conspectu
1472 765 1551 793 suo

176 827 308 871 flexit.
334 828 436 871 Non
463 829 578 872 enim
607 830 729 889 prius
755 828 1043 885 destiterunt,
1069 846 1199 890 quam
1228 829 1422 891 ablegari
1451 847 1551 874 eum

176 908 232 952 ob
260 907 485 952 seditionis
512 907 758 970 periculum
775 944 786 962 ‚
815 919 858 953 et
885 909 929 952 in
955 910 1200 970 proximam
1230 912 1452 956 civitatem
1475 911 1550 957 de—

173 988 401 1037 mandari.
434 990 856 1034 animadvertissent.
887 992 1012 1034 Tunc
1048 990 1225 1035 demum
1250 991 1304 1035 ad
1333 994 1550 1054 poeniten-

173 1070 277 1113 tiam
302 1070 434 1127 versi,
455 1087 662 1132 reprenso
684 1087 733 1115 ac
760 1080 932 1115 retento
958 1071 1181 1129 vehiculo,
1203 1072 1435 1129 invidiam,
1456 1091 1551 1134 quae

173 1150 254 1194 sibi
283 1149 428 1207 fieret,
455 1150 678 1212 deprecati
705 1160 819 1196 sunt.

235 1232 290 1274 X.
301 1232 546 1275 Comitatus
563 1242 624 1275 est
639 1241 808 1293 patrem
823 1241 865 1275 et
880 1231 922 1275 in
936 1232 1111 1294 Syriaca
1124 1232 1410 1294 expeditione.
1423 1235 1552 1280 Unde

172 1327 372 1355 reversus
393 1312 585 1372 primum
607 1313 649 1355 in
671 1313 843 1367 matris,
867 1312 1043 1368 deinde,
1061 1329 1111 1356 ea
1130 1313 1337 1376 relegata,
1356 1315 1399 1358 in
1417 1316 1550 1359 Liviae

172 1393 382 1452 Augustae
404 1392 594 1452 proaviae
617 1407 704 1435 suae
725 1392 1017 1436 contubernio
1035 1395 1221 1437 mansit:
1243 1411 1376 1455 quam
1397 1395 1551 1440 defun-

170 1481 284 1516 ctam
306 1481 582 1533 praetextatus
605 1473 734 1516 etiam
757 1482 849 1516 tum
872 1489 952 1533 pro
976 1475 1143 1518 Rostris
1167 1474 1386 1521 laudavit:
1411 1486 1550 1522 trans-

169 1552 306 1613 iitque
327 1552 380 1596 ad
401 1553 637 1597 Antoniam
660 1553 826 1610 aviam,
845 1563 885 1597 et
912 1553 1012 1598 inde
1026 1555 1232 1600 vicesimo
1253 1558 1390 1601 aetatis
1414 1575 1550 1614 anno,

169 1633 332 1678 accitus
361 1635 551 1694 Capreas
580 1650 603 1678 a
629 1634 832 1692 Tiberio,
859 1651 948 1679 uno
972 1645 1103 1697 atque
1131 1636 1284 1681 eodem
1310 1637 1379 1682 die
1404 1648 1550 1700 togam

170 1715 349 1771 sumsit,
368 1714 638 1775 barbamque
659 1716 824 1776 posuit,
845 1715 937 1759 sine
960 1715 1050 1760 ullo
1075 1717 1267 1774 honore,
1285 1718 1424 1779 qualis
1445 1736 1549 1764 con-

172 1795 330 1856 tigerat
355 1795 558 1839 tirocinio
583 1795 771 1840 fratrum
794 1797 904 1857 ejus.
929 1797 1013 1841 Hic
1037 1798 1242 1844 omnibus
1266 1800 1434 1846 insidiis
1456 1811 1550 1845 ten-

173 1885 287 1920 tatus
319 1874 582 1920 elicientium
611 1877 950 1938 cogentiumque
979 1895 1022 1922 se
1047 1870 1352 1940 ad'querelas,
1383 1881 1549 1926 nullam

174 1972 368 2018 unquam
400 1957 671 2001 occasionem
705 1956 851 2014 dedit,
888 1958 1069 2018 perinde
1106 1958 1336 2005 obliterato
1370 1979 1549 2007 suorum

171 2054 300 2093 casu,
325 2054 374 2082 ac
397 2039 431 2082 si
457 2037 565 2082 nihil
591 2039 796 2099 cuiquam
822 2038 1049 2083 accidisset
1072 2057 1081 2083 :
1107 2057 1203 2100 quae
1227 2058 1330 2085 vero
1358 2043 1448 2102 ipse
1472 2059 1550 2103 pa-

173 2129 350 2175 teretur,
372 2118 618 2164 incredibili
639 2119 985 2165 dissimulatione
1010 2124 1329 2180 transmittens;
1355 2125 1550 2186 tantique

171 2200 216 2243 in
236 2215 388 2253 avum,
416 2209 458 2243 et
485 2201 559 2260 qui
578 2200 705 2260 juxta
726 2211 873 2257 erant,
901 2201 1118 2262 obsequii,
1143 2213 1192 2247 ut
1220 2220 1308 2248 non
1333 2205 1550 2250 immerito

170 2280 225 2324 sit
252 2279 443 2335 dictum,
467 2299 488 2320 «
507 2296 584 2324 nec
613 2296 786 2324 servum
810 2280 1033 2325 meliorem
1061 2281 1225 2341 ullum,
1254 2301 1334 2329 nec
1358 2285 1548 2330 deterio-

171 2377 261 2404 rem
288 2359 516 2404 dominum
541 2359 684 2404 fuisse.
707 2380 728 2401 2>

239 2442 317 2484 XI.
355 2442 572 2485 Naturam
616 2450 759 2484 tamen
801 2458 955 2485 saevam
999 2453 1130 2504 atque
1171 2445 1429 2505 probrosam
1470 2463 1550 2491 nec

173 2532 280 2566 tunc
304 2521 480 2582 quidem
507 2521 703 2565 inhibere
730 2532 930 2583 poterat,
957 2523 1063 2584 quin
1092 2533 1134 2568 et
1161 2525 1551 2571 animadversioni-

172 2602 253 2647 bus
281 2598 505 2664 poenisque
533 2602 587 2646 ad
613 2601 875 2663 supplicium
903 2603 1106 2648 datorum
1130 2605 1413 2666 cupidissime
1437 2607 1550 2652 inte-

173 2693 333 2741 resset,
365 2694 408 2728 et
434 2700 592 2745 ganeas
621 2694 752 2745 atque
779 2683 1015 2742 adulteria,
1046 2686 1353 2747 capillamento
1386 2688 1548 2734 celatus
