1988 3407
649 279 697 312 IN
726 277 764 312 C.
794 277 826 311 J.
856 275 1115 311 CAESAREM.
1498 274 1568 310 1⁹5

254 334 532 404 Erpediendnlc.
549 356 593 390 H.
611 368 639 389 e.
657 352 938 400 comparandas,
951 358 991 385 ut
1005 352 1139 393 Caesar,
1157 351 1249 384 Bell.
1269 351 1382 393 Gall„
1396 365 1486 397 vm,
1509 352 1568 387 36.

250 418 283 452 E
305 418 473 465 vestigio.
494 418 538 451 fl.
561 429 591 451 e.
615 415 748 450 statim.

254 481 355 514 Inter
362 479 503 524 jocum.
525 478 569 512 H.
590 490 620 512 e.
645 489 717 524 per
737 476 865 522 jocum
887 489 894 509 :
916 476 1011 510 inter
1030 473 1164 520 saepius
1191 480 1244 507 est
1275 473 1373 508 idem
1401 475 1506 521 quod
1533 477 1569 509 ιἰι

193 541 251 575 vel
267 553 350 588 per.
374 540 427 576 Cf.
449 541 598 574 Duum.
627 537 674 572 ad
700 538 797 571 Flor.
816 565 825 580 ‚
853 549 907 581 11,
930 536 964 571 6.

246 602 442 636 Nutantes.
471 602 516 635 H.
539 612 569 634 e.
591 599 637 634 ad
663 597 911 633 defectionem
930 597 1162 633 inclinantes.
1191 597 1328 642 Tacit.‚
1357 597 1473 641 ΕΔΜ,
1500 609 1570 642 ιιι,

199 662 243 698 ι8
268 675 276 697 :
300 679 315 693 «ι
328 663 525 697 Nutantem
545 660 660 695 aciem
681 660 803 694 victor
825 658 1018 706 equitatus
1039 658 1216 693 incursat.
1235 674 1253 690 n

247 724 333 758 Cn.
348 725 392 758 V.
404 725 592 758 Auctores.
605 725 789 756 Auctores
798 720 952 755 fuerunt
962 719 1142 767 praecipui
1153 719 1353 766 Pompeius
1368 726 1404 754 et
1416 720 1568 754 Crassus

193 797 287 820 coss.
302 787 344 820 A.
362 785 407 820 U.
419 783 506 827 684.
519 784 612 818 Vell.
625 812 634 827 ‚
652 796 693 827 ιι,
709 783 756 819 30
771 795 778 816 :
795 799 809 813 «
824 783 906 818 Hoc
917 783 1114 817 consulatu
1125 781 1325 828 Pompeius
1337 780 1571 816 tribunitiam

193 853 418 893 potestatem
429 845 591 881 restituit
600 872 611 889 ‚
623 845 681 890 cuj
689 858 729 879 us
742 845 845 880 Sulla
858 843 1059 892 imaginem
1072 843 1150 878 sine
1161 843 1246 889 jure
1262 843 1478 890 reliquerat.
1493 858 1508 874 »

248 908 500 942 Deminuerae.
533 906 714 953 Appian.‚
739 907 781 940 B.
815 905 876 947 C.‚
904 917 937 949 1,
959 917 997 951 p.
1028 906 1100 945 413
1126 917 1133 938 ε
1155 912 1218 945 Τὴν
1242 907 1280 942 δὲ
1308 914 1370 942 τῶν
1393 908 1569 953 δημάρχων

191 978 246 1010 ἴσα
265 974 320 1008 καὶ
340 975 472 1015 iverim,
493 975 733 1008 ἀσθενεστάτην
756 973 938 1017 ἀποφήνας,
957 972 1012 1005 καὶ
1026 973 1111 1016 νόμῳ
1130 973 1275 1009 κωλύσας
1293 967 1458 1017 μηδεμίαν
1474 972 1569 1006 ἄλλην

190 1038 242 1069 τὸν
263 1033 432 1081 δήμαρχον
454 1036 552 1080 ἀρχὴν
576 1036 622 1068 ἔτι
643 1036 761 1079 ἄρχειν.

243 1093 334 1126 Post
353 1104 490 1126 necem.
514 1092 556 1125 H.
587 1104 617 1125 e.
645 1098 731 1138 post
753 1098 912 1126 mortem
933 1105 940 1125 ε
964 1103 1038 1125 nex
1058 1090 1104 1125 de
1126 1096 1248 1124 morte
1267 1087 1431 1124 naturali
1450 1088 1570 1123 inter-

197 1152 298 1188 dum.
320 1153 482 1196 Seneca,
506 1152 651 1187 Consol.
674 1154 728 1186 ad
747 1154 891 1195 filare,
914 1165 972 1186 x11
997 1166 1004 1186 :
1027 1154 1185 1200 «Agunt
1212 1163 1310 1198 opus
1329 1163 1434 1185 suum
1461 1150 1533 1184 fata
1558 1163 1566 1184 :

190 1214 301 1250 nobis
327 1227 478 1249 sensum
504 1221 638 1249 nostrae
658 1214 758 1249 necis
784 1214 970 1249 auferunt.
995 1229 1010 1244 »

249 1275 463 1323 Rogatione.
498 1277 552 1310 De
585 1277 775 1323 rogatione
804 1287 845 1309 ac
872 1277 957 1322 lege
986 1274 1036 1309 sic
1069 1275 1197 1310 Festus
1228 1286 1235 1308 :
1271 1275 1463 1321 allegatio
1495 1281 1570 1317 est,

192 1349 306 1384 quum
326 1338 490 1384 populus
504 1337 711 1372 consulitur
732 1337 777 1372 de
795 1349 872 1371 uno
893 1336 1111 1382 pluribusve
1125 1335 1340 1370 hominibus
1351 1364 1361 1381 ‚
1375 1335 1480 1382 quod
1492 1348 1570 1370 non

190 1398 238 1433 ad
261 1410 388 1433 omnes
410 1399 616 1445 pertineat,
639 1406 675 1433 et
701 1399 748 1434 de
769 1411 845 1433 una
859 1397 1078 1444 pluribusve
1100 1397 1234 1442 rebus,
1257 1397 1304 1432 de
1325 1397 1463 1444 quibus
1488 1410 1568 1432 non

193 1459 367 1494 omnibus
388 1459 584 1494 sanciatur.
614 1462 708 1495 Nam
735 1459 839 1506 quod
864 1459 902 1493 in
925 1471 1051 1494 omnes
1073 1459 1243 1494 homines
1267 1471 1373 1493 resve
1396 1459 1562 1506 populus

193 1521 295 1556 scivit
309 1549 319 1565 ‚
339 1523 402 1556 lex
426 1521 646 1568 appellatur.
668 1537 683 1553 ι

245 1582 476 1618 concionem.
498 1582 700 1618 Concionis
719 1583 830 1629 hujus
854 1582 1084 1618 mentionem
1108 1582 1222 1617 habet
1246 1583 1340 1618 Gen.
1354 1610 1363 1627 ,
1383 1594 1461 1616 χιιι
1477 1610 1485 1626 ,
1508 1583 1541 1617 3.

242 1643 329 1679 Cn».
345 1645 410 1679 VI.
422 1644 496 1679 Pro
515 1645 656 1679 rostris.
669 1645 725 1679 De
737 1644 802 1679 illo
823 1657 928 1680 more
948 1652 1120 1680 mortuos
1139 1643 1321 1679 laudandi
1334 1656 1405 1690 pro
1420 1645 1568 1689 rostris,

191 1704 277 1740 vide
298 1707 438 1740 Pomm.
451 1734 460 1750 ‚
479 1718 518 1739 vx
533 1733 542 1747 ‚
572 1705 631 1740 53.

242 1766 383 1801 ,Marcii
407 1779 520 1814 reges.
538 1787 588 1792 —
610 1768 715 1811 Rex,
736 1768 886 1802 Marciae
915 1767 1035 1815 gentis
1061 1780 1272 1816 cognomen
1298 1767 1387 1812 fuit,
1414 1780 1496 1814 quae
1521 1768 1567 1802 ab

190 1829 297 1862 Anco
316 1827 460 1861 Marcio
489 1839 574 1873 rege
595 1839 631 1861 se
652 1828 850 1863 oriundam
871 1829 1078 1874 jactitabat.

247 1890 280 1922 A
305 1887 455 1922 Venere.
476 1886 573 1922 Vide
593 1888 712 1923 ῐέιι.
726 1917 736 1933 ,
766 1901 821 1932 ιι,
849 1894 908 1931 4ι.

249 1948 474 1984 Caerimom‘a
496 1949 662 1984 deorum.
683 1950 727 1984 H.
750 1961 780 1984 e.
802 1950 976 1998 religiosa
996 1951 1197 1986 veneratio.

250 2009 515 2054 Quoestionem.
540 2009 625 2045 Scil.
647 2010 832 2056 judicium
853 2018 957 2046 extra
979 2012 1164 2046 ordinem.

244 2071 331 2106 Cn.
353 2071 433 2104 vll.
448 2071 647 2106 Mandata.
666 2074 882 2116 Quaestores
902 2073 1000 2107 enim
1021 2080 1056 2107 ct
1072 2072 1370 2118 jurisdictionem
1399 2074 1568 2120 praetoris

192 2130 370 2167 mandatu
389 2143 581 2176 exercere,
595 2139 631 2167 et
653 2132 879 2168 discedentis
899 2133 1068 2181 praetoris
1081 2145 1236 2168 munere
1257 2133 1362 2182 fungi
1383 2135 1566 2170 solebant.

246 2192 456 2228 Com-entus.
477 2213 528 2219 —
551 2194 751 2229 Conventus
776 2203 808 2230 et
829 2195 978 2240 judicia
1007 2202 1112 2230 erant
1143 2195 1382 2242 provincialia
1411 2196 1458 2231 ad
1485 2210 1567 2244 quae

191 2255 465 2290 conveniebant
487 2257 613 2290 incolae
633 2269 650 2291 a
675 2263 834 2303 praetore
853 2258 911 2293 vel
939 2264 1123 2305 quaestore
1148 2257 1304 2292 evocati.

247 2316 483 2361 Conjectores.
516 2316 680 2360 Quintil.
696 2347 705 2362 ‚
728 2331 774 2352 ιιι
791 2346 800 2362 ,
821 2317 842 2352 6
855 2345 865 2362 ,
889 2319 934 2353 30
951 2332 958 2352 :
981 2334 994 2348 «
1011 2318 1251 2353 Somniorum
1267 2326 1378 2367 atque
1399 2321 1564 2356 omnium

191 2378 411 2425 interpretes
429 2377 653 2422 conjectores
669 2387 864 2414 vocantur.
878 2395 896 2411 n
919 2380 993 2415 Cic.
1008 2407 1018 2424 ,
1038 2381 1084 2414 de
1102 2381 1183 2415 Dc'v.
1196 2407 1206 2424 ,
1228 2394 1276 2425 11,
1306 2382 1354 2419 65
1377 2395 1385 2417 :
1407 2399 1420 2413 «
1436 2383 1566 2418 Defert

193 2439 242 2475 ad
261 2438 502 2484 conjectorem
532 2439 685 2487 quidam
717 2441 919 2477 somniasse
950 2454 1009 2483 se,
1038 2454 1150 2476 ovum
1180 2442 1347 2488 pendere
1379 2456 1423 2478 ex
1456 2444 1565 2479 fascia

191 2501 277 2537 lecti
298 2501 353 2537 sui
379 2501 612 2538 cubicularis.
631 2520 644 2532 »ο

244 2564 330 2600 CA».
354 2565 371 2597 l
388 2564 453 2598 ΙΙΙ.
478 2563 649 2599 Colom'as
677 2566 824 2601 latinns.
850 2568 970 2602 Intell.
996 2568 1122 2602 Gallos
1144 2567 1352 2614 Cisalpinos
1372 2570 1563 2615 Transpa-

192 2624 326 2668 danos,
347 2624 484 2672 quibus
501 2625 559 2670 jus
581 2626 674 2660 Latii
695 2635 779 2674 post
797 2628 938 2663 bellum
957 2629 1155 2666 marsicum
1177 2630 1256 2677 lege
1272 2630 1441 2677 Pompeii
1460 2633 1565 2665 Stra-

191 2686 323 2730 bonis,
349 2687 464 2734 patris
487 2688 638 2734 Magni,
659 2688 785 2724 datum
810 2691 942 2726 suerat.
