<?xml version="1.0" encoding="UTF-8"?>
<!DOCTYPE html PUBLIC "-//W3C//DTD XHTML 1.0 Transitional//EN"
    "http://www.w3.org/TR/xhtml1/DTD/xhtml1-transitional.dtd">
<html xmlns="http://www.w3.org/1999/xhtml" xml:lang="en" lang="en">
 <head>
  <title>
</title>
<meta http-equiv="Content-Type" content="text/html;charset=utf-8" />
  <meta name='ocr-system' content='tesseract 3.04.00' />
  <meta name='ocr-capabilities' content='ocr_page ocr_carea ocr_par ocr_line ocrx_word'/>
</head>
<body>
  <div class='ocr_page' id='page_1' title='image "./operagro00suetuoft_0112.png"; bbox 0 0 1971 3342; ppageno 0'>
   <div class='ocr_carea' id='block_1_1' title="bbox 400 221 1227 262">
    <p class='ocr_par' dir='ltr' id='par_1_1' title="bbox 400 221 1227 262">
     <span class='ocr_line' id='line_1_1' title="bbox 400 221 1227 262; baseline 0 -6"><span class='ocrx_word' id='word_1_1' title='bbox 400 226 444 262; x_wconf 56' lang='grc' dir='ltr'>δι’,</span> <span class='ocrx_word' id='word_1_2' title='bbox 931 221 967 255; x_wconf 88' lang='lat' dir='ltr'>C.</span> <span class='ocrx_word' id='word_1_3' title='bbox 999 222 1227 258; x_wconf 79' lang='lat' dir='ltr'>SUETONII</span> 
     </span>
    </p>
   </div>
   <div class='ocr_carea' id='block_1_2' title="bbox 401 299 1798 2596">
    <p class='ocr_par' dir='ltr' id='par_1_2' title="bbox 401 299 1769 925">
     <span class='ocr_line' id='line_1_2' title="bbox 464 299 1763 364; baseline -0.001 -18"><span class='ocrx_word' id='word_1_4' title='bbox 464 304 554 346; x_wconf 86' lang='lat' dir='ltr'><strong>LII.</strong></span> <span class='ocrx_word' id='word_1_5' title='bbox 582 301 783 364; x_wconf 82' lang='lat' dir='ltr'>Templa,</span> <span class='ocrx_word' id='word_1_6' title='bbox 811 305 1006 363; x_wconf 83' lang='lat' dir='ltr'>quamvis</span> <span class='ocrx_word' id='word_1_7' title='bbox 1030 305 1157 347; x_wconf 82' lang='lat' dir='ltr'>sciret</span> <span class='ocrx_word' id='word_1_8' title='bbox 1184 304 1311 347; x_wconf 78' lang='lat' dir='ltr'>etiam</span> <span class='ocrx_word' id='word_1_9' title='bbox 1342 299 1676 362; x_wconf 77' lang='lat' dir='ltr'>proconsulibus</span> <span class='ocrx_word' id='word_1_10' title='bbox 1695 300 1763 345; x_wconf 88' lang='lat' dir='ltr'>de-</span> 
     </span>
     <span class='ocr_line' id='line_1_3' title="bbox 401 380 1764 444; baseline -0.001 -18"><span class='ocrx_word' id='word_1_11' title='bbox 401 383 519 426; x_wconf 85' lang='lat' dir='ltr'>cerni</span> <span class='ocrx_word' id='word_1_12' title='bbox 556 381 712 439; x_wconf 85' lang='lat' dir='ltr'>solere,</span> <span class='ocrx_word' id='word_1_13' title='bbox 751 384 795 426; x_wconf 91' lang='lat' dir='ltr'>in</span> <span class='ocrx_word' id='word_1_14' title='bbox 832 382 950 426; x_wconf 87' lang='lat' dir='ltr'>nulla</span> <span class='ocrx_word' id='word_1_15' title='bbox 982 394 1125 427; x_wconf 85' lang='lat' dir='ltr'>tamen</span> <span class='ocrx_word' id='word_1_16' title='bbox 1161 382 1401 444; x_wconf 81' lang='lat' dir='ltr'>provincia,</span> <span class='ocrx_word' id='word_1_17' title='bbox 1429 380 1509 423; x_wconf 89' lang='lat' dir='ltr'>nisi</span> <span class='ocrx_word' id='word_1_18' title='bbox 1543 382 1764 424; x_wconf 89' lang='lat' dir='ltr'>communi</span> 
     </span>
     <span class='ocr_line' id='line_1_4' title="bbox 402 461 1765 524; baseline -0.001 -17"><span class='ocrx_word' id='word_1_19' title='bbox 402 480 480 507; x_wconf 88' lang='lat' dir='ltr'>suo</span> <span class='ocrx_word' id='word_1_20' title='bbox 513 465 748 524; x_wconf 77' lang='lat' dir='ltr'>Romaeque</span> <span class='ocrx_word' id='word_1_21' title='bbox 781 464 978 519; x_wconf 83' lang='lat' dir='ltr'>nomine,</span> <span class='ocrx_word' id='word_1_22' title='bbox 1010 465 1185 524; x_wconf 86' lang='lat' dir='ltr'>recepit.</span> <span class='ocrx_word' id='word_1_23' title='bbox 1220 465 1333 508; x_wconf 86' lang='lat' dir='ltr'>Nam</span> <span class='ocrx_word' id='word_1_24' title='bbox 1368 464 1410 506; x_wconf 87' lang='lat' dir='ltr'>in</span> <span class='ocrx_word' id='word_1_25' title='bbox 1441 462 1561 506; x_wconf 89' lang='lat' dir='ltr'>Urbe</span> <span class='ocrx_word' id='word_1_26' title='bbox 1591 461 1765 521; x_wconf 90' lang='lat' dir='ltr'>quidem</span> 
     </span>
     <span class='ocr_line' id='line_1_5' title="bbox 402 543 1766 604; baseline -0.002 -18"><span class='ocrx_word' id='word_1_27' title='bbox 402 544 741 604; x_wconf 86' lang='lat' dir='ltr'>pertinacissime</span> <span class='ocrx_word' id='word_1_28' title='bbox 762 545 970 588; x_wconf 78' lang='lat' dir='ltr'>abstinuit</span> <span class='ocrx_word' id='word_1_29' title='bbox 993 545 1076 586; x_wconf 89' lang='lat' dir='ltr'>hoc</span> <span class='ocrx_word' id='word_1_30' title='bbox 1098 544 1277 587; x_wconf 87' lang='lat' dir='ltr'>honore.</span> <span class='ocrx_word' id='word_1_31' title='bbox 1300 544 1442 602; x_wconf 84' lang='lat' dir='ltr'>Atque</span> <span class='ocrx_word' id='word_1_32' title='bbox 1467 543 1595 585; x_wconf 86' lang='lat' dir='ltr'>etiam</span> <span class='ocrx_word' id='word_1_33' title='bbox 1617 557 1766 602; x_wconf 83' lang='lat' dir='ltr'>argen-</span> 
     </span>
     <span class='ocr_line' id='line_1_6' title="bbox 402 620 1767 684; baseline -0.002 -18"><span class='ocrx_word' id='word_1_34' title='bbox 402 634 492 667; x_wconf 85' lang='lat' dir='ltr'>teas</span> <span class='ocrx_word' id='word_1_35' title='bbox 518 634 700 681; x_wconf 87' lang='lat' dir='ltr'>statuas,</span> <span class='ocrx_word' id='word_1_36' title='bbox 727 624 829 668; x_wconf 89' lang='lat' dir='ltr'>olim</span> <span class='ocrx_word' id='word_1_37' title='bbox 855 625 933 667; x_wconf 87' lang='lat' dir='ltr'>sibi</span> <span class='ocrx_word' id='word_1_38' title='bbox 962 625 1143 684; x_wconf 86' lang='lat' dir='ltr'>positas,</span> <span class='ocrx_word' id='word_1_39' title='bbox 1172 623 1374 668; x_wconf 84' lang='lat' dir='ltr'>conflavit</span> <span class='ocrx_word' id='word_1_40' title='bbox 1399 639 1570 678; x_wconf 85' lang='lat' dir='ltr'>omnes,</span> <span class='ocrx_word' id='word_1_41' title='bbox 1596 638 1645 665; x_wconf 89' lang='lat' dir='ltr'>ex</span> <span class='ocrx_word' id='word_1_42' title='bbox 1671 620 1767 681; x_wconf 80' lang='lat' dir='ltr'>quis</span> 
     </span>
     <span class='ocr_line' id='line_1_7' title="bbox 404 703 1769 765; baseline -0.002 -19"><span class='ocrx_word' id='word_1_43' title='bbox 404 720 553 747; x_wconf 89' lang='lat' dir='ltr'>aureas</span> <span class='ocrx_word' id='word_1_44' title='bbox 582 706 770 748; x_wconf 83' lang='lat' dir='ltr'>cortinas</span> <span class='ocrx_word' id='word_1_45' title='bbox 796 704 985 765; x_wconf 87' lang='lat' dir='ltr'>Apollini</span> <span class='ocrx_word' id='word_1_46' title='bbox 1014 703 1210 748; x_wconf 89' lang='lat' dir='ltr'>Palatino</span> <span class='ocrx_word' id='word_1_47' title='bbox 1239 704 1462 747; x_wconf 81' lang='lat' dir='ltr'>dedicavit.</span> <span class='ocrx_word' id='word_1_48' title='bbox 1494 704 1769 747; x_wconf 80' lang='lat' dir='ltr'>Dictaturam</span> 
     </span>
     <span class='ocr_line' id='line_1_8' title="bbox 407 781 1769 845; baseline -0.001 -19"><span class='ocrx_word' id='word_1_49' title='bbox 407 800 563 844; x_wconf 84' lang='lat' dir='ltr'>magna</span> <span class='ocrx_word' id='word_1_50' title='bbox 589 785 630 826; x_wconf 90' lang='lat' dir='ltr'>vi</span> <span class='ocrx_word' id='word_1_51' title='bbox 659 784 866 828; x_wconf 85' lang='lat' dir='ltr'>offerente</span> <span class='ocrx_word' id='word_1_52' title='bbox 894 783 1079 845; x_wconf 90' lang='lat' dir='ltr'>populo,</span> <span class='ocrx_word' id='word_1_53' title='bbox 1105 801 1218 845; x_wconf 80' lang='lat' dir='ltr'>genu</span> <span class='ocrx_word' id='word_1_54' title='bbox 1245 785 1392 839; x_wconf 80' lang='lat' dir='ltr'>nixus,</span> <span class='ocrx_word' id='word_1_55' title='bbox 1421 783 1583 842; x_wconf 81' lang='lat' dir='ltr'>dejecta</span> <span class='ocrx_word' id='word_1_56' title='bbox 1607 782 1660 825; x_wconf 89' lang='lat' dir='ltr'>ab</span> <span class='ocrx_word' id='word_1_57' title='bbox 1688 781 1769 824; x_wconf 86' lang='lat' dir='ltr'>hu-</span> 
     </span>
     <span class='ocr_line' id='line_1_9' title="bbox 409 864 1407 925; baseline 0.002 -21"><span class='ocrx_word' id='word_1_58' title='bbox 409 864 536 906; x_wconf 80' lang='lat' dir='ltr'>meris</span> <span class='ocrx_word' id='word_1_59' title='bbox 567 873 684 925; x_wconf 82' lang='lat' dir='ltr'>toga,</span> <span class='ocrx_word' id='word_1_60' title='bbox 713 864 830 908; x_wconf 88' lang='lat' dir='ltr'>nudo</span> <span class='ocrx_word' id='word_1_61' title='bbox 860 874 1031 925; x_wconf 77' lang='lat' dir='ltr'>pectore</span> <span class='ocrx_word' id='word_1_62' title='bbox 1056 864 1309 924; x_wconf 81' lang='lat' dir='ltr'>deprecatus</span> <span class='ocrx_word' id='word_1_63' title='bbox 1332 873 1407 906; x_wconf 90' lang='lat' dir='ltr'>est.</span> 
     </span>
    </p>

    <p class='ocr_par' dir='ltr' id='par_1_3' title="bbox 410 943 1798 2596">
     <span class='ocr_line' id='line_1_10' title="bbox 473 943 1774 1006; baseline -0.001 -20"><span class='ocrx_word' id='word_1_64' title='bbox 473 946 588 987; x_wconf 91' lang='lat' dir='ltr'>LIII.</span> <span class='ocrx_word' id='word_1_65' title='bbox 626 946 804 988; x_wconf 84' lang='lat' dir='ltr'>Domini</span> <span class='ocrx_word' id='word_1_66' title='bbox 835 943 1193 1006; x_wconf 81' lang='lat' dir='ltr'>appellationem,</span> <span class='ocrx_word' id='word_1_67' title='bbox 1228 955 1275 987; x_wconf 90' lang='lat' dir='ltr'>ut</span> <span class='ocrx_word' id='word_1_68' title='bbox 1310 943 1588 988; x_wconf 86' lang='lat' dir='ltr'>maledictum</span> <span class='ocrx_word' id='word_1_69' title='bbox 1621 952 1664 986; x_wconf 91' lang='lat' dir='ltr'>et</span> <span class='ocrx_word' id='word_1_70' title='bbox 1696 958 1774 1003; x_wconf 81' lang='lat' dir='ltr'>op-</span> 
     </span>
     <span class='ocr_line' id='line_1_11' title="bbox 410 1021 1774 1085; baseline -0.001 -20"><span class='ocrx_word' id='word_1_71' title='bbox 410 1024 634 1083; x_wconf 85' lang='lat' dir='ltr'>probrium</span> <span class='ocrx_word' id='word_1_72' title='bbox 647 1058 657 1078; x_wconf 93' lang='lat'>,</span> <span class='ocrx_word' id='word_1_73' title='bbox 678 1041 844 1085; x_wconf 81' lang='lat' dir='ltr'>semper</span> <span class='ocrx_word' id='word_1_74' title='bbox 862 1025 1100 1068; x_wconf 77' lang='lat' dir='ltr'>exhorruit.</span> <span class='ocrx_word' id='word_1_75' title='bbox 1121 1025 1293 1082; x_wconf 77' lang='lat' dir='ltr'>Quum,</span> <span class='ocrx_word' id='word_1_76' title='bbox 1315 1033 1536 1083; x_wconf 77' lang='lat' dir='ltr'>spectante</span> <span class='ocrx_word' id='word_1_77' title='bbox 1554 1039 1605 1066; x_wconf 92' lang='lat' dir='ltr'>eo</span> <span class='ocrx_word' id='word_1_78' title='bbox 1625 1021 1749 1065; x_wconf 89' lang='lat' dir='ltr'>ludos</span> <span class='ocrx_word' id='word_1_79' title='bbox 1763 1057 1774 1077; x_wconf 85' lang='lat'>‚</span> 
     </span>
     <span class='ocr_line' id='line_1_12' title="bbox 411 1103 1779 1162; baseline 0 -18"><span class='ocrx_word' id='word_1_80' title='bbox 411 1104 746 1162; x_wconf 79' lang='lat' dir='ltr'>pronunciatum</span> <span class='ocrx_word' id='word_1_81' title='bbox 779 1113 889 1147; x_wconf 85' lang='lat' dir='ltr'>esset</span> <span class='ocrx_word' id='word_1_82' title='bbox 917 1121 941 1147; x_wconf 88' lang='lat' dir='ltr'>a</span> <span class='ocrx_word' id='word_1_83' title='bbox 969 1105 1128 1159; x_wconf 85' lang='lat' dir='ltr'>mimo,</span> <span class='ocrx_word' id='word_1_84' title='bbox 1157 1105 1233 1147; x_wconf 89' lang='lat' dir='ltr'>«O</span> <span class='ocrx_word' id='word_1_85' title='bbox 1261 1103 1501 1147; x_wconf 85' lang='lat' dir='ltr'>Dominum</span> <span class='ocrx_word' id='word_1_86' title='bbox 1533 1118 1704 1161; x_wconf 78' lang='lat' dir='ltr'>aequum</span> <span class='ocrx_word' id='word_1_87' title='bbox 1734 1111 1779 1145; x_wconf 86' lang='lat' dir='ltr'>et</span> 
     </span>
     <span class='ocr_line' id='line_1_13' title="bbox 411 1178 1779 1242; baseline 0 -19"><span class='ocrx_word' id='word_1_88' title='bbox 411 1178 592 1224; x_wconf 74' lang='lat' dir='ltr'>bonum!</span> <span class='ocrx_word' id='word_1_89' title='bbox 609 1201 629 1222; x_wconf 90' lang='lat'>»</span> <span class='ocrx_word' id='word_1_90' title='bbox 654 1192 694 1225; x_wconf 93' lang='lat' dir='ltr'>et</span> <span class='ocrx_word' id='word_1_91' title='bbox 720 1183 931 1239; x_wconf 85' lang='lat' dir='ltr'>universi,</span> <span class='ocrx_word' id='word_1_92' title='bbox 957 1184 1079 1242; x_wconf 81' lang='lat' dir='ltr'>quasi</span> <span class='ocrx_word' id='word_1_93' title='bbox 1104 1182 1156 1225; x_wconf 89' lang='lat' dir='ltr'>de</span> <span class='ocrx_word' id='word_1_94' title='bbox 1181 1183 1273 1241; x_wconf 88' lang='lat' dir='ltr'>ipso</span> <span class='ocrx_word' id='word_1_95' title='bbox 1301 1182 1486 1234; x_wconf 90' lang='lat' dir='ltr'>dictum,</span> <span class='ocrx_word' id='word_1_96' title='bbox 1514 1179 1779 1224; x_wconf 83' lang='lat' dir='ltr'>exsultantes</span> 
     </span>
     <span class='ocr_line' id='line_1_14' title="bbox 413 1260 1783 1322; baseline -0.001 -18"><span class='ocrx_word' id='word_1_97' title='bbox 413 1261 786 1321; x_wconf 81' lang='lat' dir='ltr'>comprobassent3</span> <span class='ocrx_word' id='word_1_98' title='bbox 810 1272 852 1305; x_wconf 93' lang='lat' dir='ltr'>et</span> <span class='ocrx_word' id='word_1_99' title='bbox 875 1263 1020 1306; x_wconf 88' lang='lat' dir='ltr'>statim</span> <span class='ocrx_word' id='word_1_100' title='bbox 1043 1278 1173 1305; x_wconf 86' lang='lat' dir='ltr'>manu</span> <span class='ocrx_word' id='word_1_101' title='bbox 1197 1261 1410 1322; x_wconf 89' lang='lat' dir='ltr'>vultuque</span> <span class='ocrx_word' id='word_1_102' title='bbox 1434 1261 1656 1304; x_wconf 88' lang='lat' dir='ltr'>indecoras</span> <span class='ocrx_word' id='word_1_103' title='bbox 1678 1260 1783 1304; x_wconf 87' lang='lat' dir='ltr'>adu-</span> 
     </span>
     <span class='ocr_line' id='line_1_15' title="bbox 415 1341 1782 1402; baseline -0.001 -18"><span class='ocrx_word' id='word_1_104' title='bbox 415 1341 595 1385; x_wconf 85' lang='lat' dir='ltr'>lationes</span> <span class='ocrx_word' id='word_1_105' title='bbox 619 1343 843 1402; x_wconf 80' lang='lat' dir='ltr'>repressit,</span> <span class='ocrx_word' id='word_1_106' title='bbox 866 1352 909 1384; x_wconf 91' lang='lat' dir='ltr'>et</span> <span class='ocrx_word' id='word_1_107' title='bbox 934 1343 1177 1401; x_wconf 85' lang='lat' dir='ltr'>insequenti</span> <span class='ocrx_word' id='word_1_108' title='bbox 1201 1341 1268 1384; x_wconf 88' lang='lat' dir='ltr'>die</span> <span class='ocrx_word' id='word_1_109' title='bbox 1294 1341 1548 1402; x_wconf 86' lang='lat' dir='ltr'>gravissimo</span> <span class='ocrx_word' id='word_1_110' title='bbox 1571 1341 1782 1401; x_wconf 88' lang='lat' dir='ltr'>corripuit</span> 
     </span>
     <span class='ocr_line' id='line_1_16' title="bbox 418 1419 1783 1482; baseline 0 -19"><span class='ocrx_word' id='word_1_111' title='bbox 418 1420 580 1475; x_wconf 86' lang='lat' dir='ltr'>edicto,</span> <span class='ocrx_word' id='word_1_112' title='bbox 608 1420 921 1481; x_wconf 89' lang='lat' dir='ltr'>dominumque</span> <span class='ocrx_word' id='word_1_113' title='bbox 951 1437 994 1464; x_wconf 90' lang='lat' dir='ltr'>se</span> <span class='ocrx_word' id='word_1_114' title='bbox 1025 1421 1204 1481; x_wconf 81' lang='lat' dir='ltr'>posthac</span> <span class='ocrx_word' id='word_1_115' title='bbox 1233 1419 1464 1482; x_wconf 83' lang='lat' dir='ltr'>appellari,</span> <span class='ocrx_word' id='word_1_116' title='bbox 1495 1437 1547 1463; x_wconf 91' lang='lat' dir='ltr'>ne</span> <span class='ocrx_word' id='word_1_117' title='bbox 1581 1436 1605 1463; x_wconf 90' lang='lat' dir='ltr'>a</span> <span class='ocrx_word' id='word_1_118' title='bbox 1638 1419 1783 1463; x_wconf 88' lang='lat' dir='ltr'>liberis</span> 
     </span>
     <span class='ocr_line' id='line_1_17' title="bbox 420 1499 1785 1561; baseline 0 -19"><span class='ocrx_word' id='word_1_119' title='bbox 420 1500 595 1559; x_wconf 86' lang='lat' dir='ltr'>quidem</span> <span class='ocrx_word' id='word_1_120' title='bbox 629 1510 703 1543; x_wconf 86' lang='lat' dir='ltr'>aut</span> <span class='ocrx_word' id='word_1_121' title='bbox 736 1501 967 1561; x_wconf 77' lang='lat' dir='ltr'>nepotibus</span> <span class='ocrx_word' id='word_1_122' title='bbox 1000 1501 1110 1557; x_wconf 85' lang='lat' dir='ltr'>suis,</span> <span class='ocrx_word' id='word_1_123' title='bbox 1144 1500 1211 1545; x_wconf 88' lang='lat' dir='ltr'>vel</span> <span class='ocrx_word' id='word_1_124' title='bbox 1243 1501 1353 1544; x_wconf 82' lang='lat' dir='ltr'>serio</span> <span class='ocrx_word' id='word_1_125' title='bbox 1387 1499 1453 1544; x_wconf 90' lang='lat' dir='ltr'>vel</span> <span class='ocrx_word' id='word_1_126' title='bbox 1480 1500 1606 1560; x_wconf 81' lang='lat' dir='ltr'>jocO,</span> <span class='ocrx_word' id='word_1_127' title='bbox 1635 1516 1785 1560; x_wconf 83' lang='lat' dir='ltr'>passus</span> 
     </span>
     <span class='ocr_line' id='line_1_18' title="bbox 421 1579 1788 1641; baseline 0 -19"><span class='ocrx_word' id='word_1_128' title='bbox 421 1590 483 1623; x_wconf 79' lang='lat' dir='ltr'>est</span> <span class='ocrx_word' id='word_1_129' title='bbox 510 1597 518 1623; x_wconf 91' lang='lat'>:</span> <span class='ocrx_word' id='word_1_130' title='bbox 543 1590 673 1640; x_wconf 86' lang='lat' dir='ltr'>atque</span> <span class='ocrx_word' id='word_1_131' title='bbox 692 1580 943 1641; x_wconf 86' lang='lat' dir='ltr'>hujusmodi</span> <span class='ocrx_word' id='word_1_132' title='bbox 968 1580 1199 1624; x_wconf 83' lang='lat' dir='ltr'>blanditias</span> <span class='ocrx_word' id='word_1_133' title='bbox 1222 1581 1352 1623; x_wconf 88' lang='lat' dir='ltr'>etiam</span> <span class='ocrx_word' id='word_1_134' title='bbox 1376 1581 1487 1623; x_wconf 87' lang='lat' dir='ltr'>inter</span> <span class='ocrx_word' id='word_1_135' title='bbox 1507 1580 1622 1640; x_wconf 87' lang='lat' dir='ltr'>ipsos</span> <span class='ocrx_word' id='word_1_136' title='bbox 1644 1579 1788 1639; x_wconf 87' lang='lat' dir='ltr'>prohi-</span> 
     </span>
     <span class='ocr_line' id='line_1_19' title="bbox 422 1659 1790 1722; baseline -0.001 -19"><span class='ocrx_word' id='word_1_137' title='bbox 422 1661 530 1703; x_wconf 83' lang='lat' dir='ltr'>buit.</span> <span class='ocrx_word' id='word_1_138' title='bbox 554 1661 652 1704; x_wconf 91' lang='lat' dir='ltr'>Non</span> <span class='ocrx_word' id='word_1_139' title='bbox 678 1671 837 1704; x_wconf 87' lang='lat' dir='ltr'>temere</span> <span class='ocrx_word' id='word_1_140' title='bbox 858 1662 977 1705; x_wconf 86' lang='lat' dir='ltr'>Urbe</span> <span class='ocrx_word' id='word_1_141' title='bbox 996 1661 1212 1722; x_wconf 85' lang='lat' dir='ltr'>oppidove</span> <span class='ocrx_word' id='word_1_142' title='bbox 1235 1659 1325 1704; x_wconf 89' lang='lat' dir='ltr'>ullo</span> <span class='ocrx_word' id='word_1_143' title='bbox 1348 1676 1564 1721; x_wconf 86' lang='lat' dir='ltr'>egressus,</span> <span class='ocrx_word' id='word_1_144' title='bbox 1588 1668 1662 1702; x_wconf 84' lang='lat' dir='ltr'>aut</span> <span class='ocrx_word' id='word_1_145' title='bbox 1681 1675 1790 1718; x_wconf 92' lang='lat' dir='ltr'>quo-</span> 
     </span>
     <span class='ocr_line' id='line_1_20' title="bbox 424 1742 1790 1802; baseline -0.001 -19"><span class='ocrx_word' id='word_1_146' title='bbox 424 1757 554 1799; x_wconf 84' lang='lat' dir='ltr'>quam</span> <span class='ocrx_word' id='word_1_147' title='bbox 587 1742 802 1802; x_wconf 84' lang='lat' dir='ltr'>ingressus</span> <span class='ocrx_word' id='word_1_148' title='bbox 834 1752 922 1798; x_wconf 84' lang='lat' dir='ltr'>est,</span> <span class='ocrx_word' id='word_1_149' title='bbox 952 1742 1034 1785; x_wconf 87' lang='lat' dir='ltr'>nisi</span> <span class='ocrx_word' id='word_1_150' title='bbox 1066 1757 1245 1802; x_wconf 90' lang='lat' dir='ltr'>vespera</span> <span class='ocrx_word' id='word_1_151' title='bbox 1278 1751 1353 1784; x_wconf 90' lang='lat' dir='ltr'>aut</span> <span class='ocrx_word' id='word_1_152' title='bbox 1383 1749 1543 1797; x_wconf 90' lang='lat' dir='ltr'>noctu,</span> <span class='ocrx_word' id='word_1_153' title='bbox 1577 1755 1631 1783; x_wconf 90' lang='lat' dir='ltr'>ne</span> <span class='ocrx_word' id='word_1_154' title='bbox 1661 1755 1790 1800; x_wconf 90' lang='lat' dir='ltr'>quem</span> 
     </span>
     <span class='ocr_line' id='line_1_21' title="bbox 424 1819 1792 1881; baseline 0.001 -19"><span class='ocrx_word' id='word_1_155' title='bbox 424 1820 553 1863; x_wconf 82' lang='lat' dir='ltr'>officii</span> <span class='ocrx_word' id='word_1_156' title='bbox 577 1837 705 1864; x_wconf 85' lang='lat' dir='ltr'>causa</span> <span class='ocrx_word' id='word_1_157' title='bbox 728 1822 1000 1881; x_wconf 85' lang='lat' dir='ltr'>inquietaret.</span> <span class='ocrx_word' id='word_1_158' title='bbox 1022 1823 1072 1864; x_wconf 92' lang='lat' dir='ltr'>In</span> <span class='ocrx_word' id='word_1_159' title='bbox 1092 1819 1319 1864; x_wconf 85' lang='lat' dir='ltr'>consulatu</span> <span class='ocrx_word' id='word_1_160' title='bbox 1339 1820 1521 1881; x_wconf 88' lang='lat' dir='ltr'>pedibus</span> <span class='ocrx_word' id='word_1_161' title='bbox 1544 1819 1652 1875; x_wconf 86' lang='lat' dir='ltr'>fere,</span> <span class='ocrx_word' id='word_1_162' title='bbox 1672 1828 1792 1864; x_wconf 81' lang='lat' dir='ltr'>extra</span> 
     </span>
     <span class='ocr_line' id='line_1_22' title="bbox 426 1898 1790 1961; baseline 0.001 -20"><span class='ocrx_word' id='word_1_163' title='bbox 426 1898 699 1943; x_wconf 76' lang='lat' dir='ltr'>consulatum</span> <span class='ocrx_word' id='word_1_164' title='bbox 727 1917 837 1961; x_wconf 82' lang='lat' dir='ltr'>saepe</span> <span class='ocrx_word' id='word_1_165' title='bbox 865 1901 1071 1961; x_wconf 87' lang='lat' dir='ltr'>adaperta</span> <span class='ocrx_word' id='word_1_166' title='bbox 1099 1899 1219 1954; x_wconf 88' lang='lat' dir='ltr'>sella,</span> <span class='ocrx_word' id='word_1_167' title='bbox 1248 1917 1325 1960; x_wconf 89' lang='lat' dir='ltr'>per</span> <span class='ocrx_word' id='word_1_168' title='bbox 1352 1899 1575 1959; x_wconf 89' lang='lat' dir='ltr'>publicum</span> <span class='ocrx_word' id='word_1_169' title='bbox 1603 1900 1790 1943; x_wconf 90' lang='lat' dir='ltr'>incessit.</span> 
     </span>
     <span class='ocr_line' id='line_1_23' title="bbox 428 1977 1793 2038; baseline -0.001 -16"><span class='ocrx_word' id='word_1_170' title='bbox 428 1980 690 2023; x_wconf 86' lang='lat' dir='ltr'>Promiscuis</span> <span class='ocrx_word' id='word_1_171' title='bbox 725 1980 1059 2024; x_wconf 87' lang='lat' dir='ltr'>salutationibus</span> <span class='ocrx_word' id='word_1_172' title='bbox 1094 1980 1347 2024; x_wconf 82' lang='lat' dir='ltr'>admittebat</span> <span class='ocrx_word' id='word_1_173' title='bbox 1377 1989 1419 2022; x_wconf 92' lang='lat' dir='ltr'>et</span> <span class='ocrx_word' id='word_1_174' title='bbox 1450 1977 1646 2038; x_wconf 79' lang='lat' dir='ltr'>plebem,</span> <span class='ocrx_word' id='word_1_175' title='bbox 1673 1987 1793 2022; x_wconf 88' lang='lat' dir='ltr'>tanta</span> 
     </span>
     <span class='ocr_line' id='line_1_24' title="bbox 427 2058 1794 2119; baseline 0 -18"><span class='ocrx_word' id='word_1_176' title='bbox 427 2060 629 2102; x_wconf 75' lang='lat' dir='ltr'>comitate</span> <span class='ocrx_word' id='word_1_177' title='bbox 658 2059 912 2104; x_wconf 87' lang='lat' dir='ltr'>adeuntium</span> <span class='ocrx_word' id='word_1_178' title='bbox 949 2059 1159 2103; x_wconf 88' lang='lat' dir='ltr'>desideria</span> <span class='ocrx_word' id='word_1_179' title='bbox 1197 2059 1439 2119; x_wconf 85' lang='lat' dir='ltr'>excipiens,</span> <span class='ocrx_word' id='word_1_180' title='bbox 1474 2069 1523 2102; x_wconf 90' lang='lat' dir='ltr'>ut</span> <span class='ocrx_word' id='word_1_181' title='bbox 1561 2058 1794 2118; x_wconf 87' lang='lat' dir='ltr'>quemdam</span> 
     </span>
     <span class='ocr_line' id='line_1_25' title="bbox 425 2137 1797 2199; baseline 0.001 -18"><span class='ocrx_word' id='word_1_182' title='bbox 425 2140 523 2197; x_wconf 84' lang='lat' dir='ltr'>joco</span> <span class='ocrx_word' id='word_1_183' title='bbox 548 2140 831 2199; x_wconf 85' lang='lat' dir='ltr'>corripuerit,</span> <span class='ocrx_word' id='word_1_184' title='bbox 857 2139 974 2198; x_wconf 89' lang='lat' dir='ltr'>quod</span> <span class='ocrx_word' id='word_1_185' title='bbox 994 2139 1087 2182; x_wconf 81' lang='lat' dir='ltr'>«sic</span> <span class='ocrx_word' id='word_1_186' title='bbox 1105 2139 1183 2183; x_wconf 87' lang='lat' dir='ltr'>sibi</span> <span class='ocrx_word' id='word_1_187' title='bbox 1208 2137 1401 2182; x_wconf 77' lang='lat' dir='ltr'>libellum</span> <span class='ocrx_word' id='word_1_188' title='bbox 1424 2138 1647 2199; x_wconf 84' lang='lat' dir='ltr'>porrigere</span> <span class='ocrx_word' id='word_1_189' title='bbox 1669 2137 1797 2182; x_wconf 85' lang='lat' dir='ltr'>dubi-</span> 
     </span>
     <span class='ocr_line' id='line_1_26' title="bbox 433 2217 1795 2278; baseline 0.001 -18"><span class='ocrx_word' id='word_1_190' title='bbox 433 2228 566 2274; x_wconf 83' lang='lat' dir='ltr'>taret,</span> <span class='ocrx_word' id='word_1_191' title='bbox 596 2219 719 2278; x_wconf 86' lang='lat' dir='ltr'>quasi</span> <span class='ocrx_word' id='word_1_192' title='bbox 751 2217 981 2278; x_wconf 87' lang='lat' dir='ltr'>elephanto</span> <span class='ocrx_word' id='word_1_193' title='bbox 1017 2219 1220 2278; x_wconf 86' lang='lat' dir='ltr'>stipem.»</span> <span class='ocrx_word' id='word_1_194' title='bbox 1249 2219 1332 2262; x_wconf 91' lang='lat' dir='ltr'>Die</span> <span class='ocrx_word' id='word_1_195' title='bbox 1365 2228 1539 2263; x_wconf 85' lang='lat' dir='ltr'>senatus</span> <span class='ocrx_word' id='word_1_196' title='bbox 1573 2235 1795 2278; x_wconf 90' lang='lat' dir='ltr'>nunquam</span> 
     </span>
     <span class='ocr_line' id='line_1_27' title="bbox 433 2297 1797 2358; baseline 0 -18"><span class='ocrx_word' id='word_1_197' title='bbox 433 2307 575 2357; x_wconf 85' lang='lat' dir='ltr'>patres</span> <span class='ocrx_word' id='word_1_198' title='bbox 606 2298 687 2341; x_wconf 90' lang='lat' dir='ltr'>nisi</span> <span class='ocrx_word' id='word_1_199' title='bbox 720 2299 763 2340; x_wconf 91' lang='lat' dir='ltr'>in</span> <span class='ocrx_word' id='word_1_200' title='bbox 795 2298 916 2341; x_wconf 80' lang='lat' dir='ltr'>curia</span> <span class='ocrx_word' id='word_1_201' title='bbox 947 2297 1176 2354; x_wconf 86' lang='lat' dir='ltr'>salutavit,</span> <span class='ocrx_word' id='word_1_202' title='bbox 1210 2308 1253 2341; x_wconf 92' lang='lat' dir='ltr'>et</span> <span class='ocrx_word' id='word_1_203' title='bbox 1283 2298 1458 2358; x_wconf 89' lang='lat' dir='ltr'>quidem</span> <span class='ocrx_word' id='word_1_204' title='bbox 1492 2297 1715 2354; x_wconf 90' lang='lat' dir='ltr'>sedentes,</span> <span class='ocrx_word' id='word_1_205' title='bbox 1747 2314 1797 2341; x_wconf 87' lang='lat' dir='ltr'>ac</span> 
     </span>
     <span class='ocr_line' id='line_1_28' title="bbox 436 2375 1797 2438; baseline 0 -18"><span class='ocrx_word' id='word_1_206' title='bbox 436 2377 690 2420; x_wconf 88' lang='lat' dir='ltr'>nominatim</span> <span class='ocrx_word' id='word_1_207' title='bbox 718 2375 935 2438; x_wconf 83' lang='lat' dir='ltr'>singulos,</span> <span class='ocrx_word' id='word_1_208' title='bbox 973 2376 1093 2420; x_wconf 92' lang='lat' dir='ltr'>nullo</span> <span class='ocrx_word' id='word_1_209' title='bbox 1128 2388 1432 2421; x_wconf 79' lang='lat' dir='ltr'>summonente</span> <span class='ocrx_word' id='word_1_210' title='bbox 1465 2395 1474 2421; x_wconf 92' lang='lat'><strong>:</strong></span> <span class='ocrx_word' id='word_1_211' title='bbox 1507 2387 1549 2422; x_wconf 90' lang='lat' dir='ltr'>et</span> <span class='ocrx_word' id='word_1_212' title='bbox 1578 2377 1797 2422; x_wconf 86' lang='lat' dir='ltr'>discedens</span> 
     </span>
     <span class='ocr_line' id='line_1_29' title="bbox 434 2455 1795 2502; baseline -0.001 -2"><span class='ocrx_word' id='word_1_213' title='bbox 434 2456 587 2500; x_wconf 88' lang='lat' dir='ltr'>eodem</span> <span class='ocrx_word' id='word_1_214' title='bbox 628 2457 758 2501; x_wconf 92' lang='lat' dir='ltr'>modo</span> <span class='ocrx_word' id='word_1_215' title='bbox 798 2457 1046 2500; x_wconf 88' lang='lat' dir='ltr'>sedentibus</span> <span class='ocrx_word' id='word_1_216' title='bbox 1089 2455 1230 2499; x_wconf 86' lang='lat' dir='ltr'>valere</span> <span class='ocrx_word' id='word_1_217' title='bbox 1275 2457 1458 2501; x_wconf 83' lang='lat' dir='ltr'>dicebat.</span> <span class='ocrx_word' id='word_1_218' title='bbox 1501 2457 1654 2502; x_wconf 85' lang='lat' dir='ltr'>Officia</span> <span class='ocrx_word' id='word_1_219' title='bbox 1697 2474 1795 2500; x_wconf 87' lang='lat' dir='ltr'>cum</span> 
     </span>
     <span class='ocr_line' id='line_1_30' title="bbox 439 2534 1798 2596; baseline 0.001 -18"><span class='ocrx_word' id='word_1_220' title='bbox 439 2536 584 2579; x_wconf 86' lang='lat' dir='ltr'>multis</span> <span class='ocrx_word' id='word_1_221' title='bbox 612 2546 765 2580; x_wconf 91' lang='lat' dir='ltr'>mutuo</span> <span class='ocrx_word' id='word_1_222' title='bbox 783 2537 994 2587; x_wconf 77' lang='lat' dir='ltr'>exercuit3</span> <span class='ocrx_word' id='word_1_223' title='bbox 1013 2550 1088 2577; x_wconf 86' lang='lat' dir='ltr'>nec</span> <span class='ocrx_word' id='word_1_224' title='bbox 1115 2535 1234 2594; x_wconf 80' lang='lat' dir='ltr'>prius</span> <span class='ocrx_word' id='word_1_225' title='bbox 1253 2535 1342 2579; x_wconf 85' lang='lat' dir='ltr'>dies</span> <span class='ocrx_word' id='word_1_226' title='bbox 1362 2537 1570 2596; x_wconf 84' lang='lat' dir='ltr'>cujusque</span> <span class='ocrx_word' id='word_1_227' title='bbox 1587 2534 1798 2580; x_wconf 82' lang='lat' dir='ltr'>solemnes</span> 
     </span>
    </p>
   </div>
   <div class='ocr_carea' id='block_1_3' title="bbox 439 2615 1799 2675">
    <p class='ocr_par' dir='ltr' id='par_1_4' title="bbox 439 2615 1799 2675">
     <span class='ocr_line' id='line_1_31' title="bbox 439 2615 1799 2675; baseline 0.001 -18"><span class='ocrx_word' id='word_1_228' title='bbox 439 2615 710 2674; x_wconf 77' lang='lat' dir='ltr'>frequentare</span> <span class='ocrx_word' id='word_1_229' title='bbox 736 2617 879 2670; x_wconf 78' lang='lat' dir='ltr'>desiit,</span> <span class='ocrx_word' id='word_1_230' title='bbox 901 2631 1029 2675; x_wconf 88' lang='lat' dir='ltr'>quam</span> <span class='ocrx_word' id='word_1_231' title='bbox 1054 2615 1260 2675; x_wconf 78' lang='lat' dir='ltr'>grandior</span> <span class='ocrx_word' id='word_1_232' title='bbox 1279 2617 1365 2675; x_wconf 77' lang='lat' dir='ltr'>jam</span> <span class='ocrx_word' id='word_1_233' title='bbox 1392 2626 1516 2669; x_wconf 78' lang='lat' dir='ltr'>natu,</span> <span class='ocrx_word' id='word_1_234' title='bbox 1538 2625 1578 2658; x_wconf 81' lang='lat' dir='ltr'>ct</span> <span class='ocrx_word' id='word_1_235' title='bbox 1605 2616 1646 2658; x_wconf 89' lang='lat' dir='ltr'>in</span> <span class='ocrx_word' id='word_1_236' title='bbox 1671 2617 1799 2660; x_wconf 70' lang='lat' dir='ltr'>turba</span> 
     </span>
    </p>
   </div>
  </div>
 </body>
</html>
