1971 3342
327 222 372 262 ΟΥ,
879 219 917 254 C.
945 220 1183 256 SUETONII

326 305 444 349 ditus
470 313 532 348 est
564 314 708 361 certe,
741 304 844 348 dum
879 321 928 347 ex
961 321 1013 348 eo
1038 304 1215 364 quaerit,
1244 323 1262 344 c<
1283 304 1444 365 ecquid
1467 306 1620 362 sciret,
1646 324 1725 352 cur

325 387 407 430 sibi
432 387 575 431 visum
599 395 730 441 esset,
752 385 1033 429 ordinatione
1058 385 1260 446 proxima
1284 387 1473 448 AEgypto
1502 388 1724 449 praeficere

325 469 536 512 Maecium
560 466 741 513 Rufum.
760 488 779 508 »
798 466 949 511 Edidit
976 466 1154 511 navales
1171 484 1343 529 pugnas
1363 485 1485 529 paene
1501 469 1724 530 justarum

323 549 551 607 classium,
583 549 743 594 effosso
770 558 813 592 et
841 549 1182 593 circumstructo
1205 549 1331 609 juxta
1358 549 1553 594 Tiberim
1581 549 1682 596 lacu
1714 569 1723 596 ε

323 641 454 692 atque
481 633 596 675 inter
621 631 836 675 maximos
865 630 1026 674 imbres
1051 632 1361 691 perspectavit.
1392 632 1512 676 Fecit
1532 641 1575 676 et
1599 630 1725 677 ludos

322 711 566 769 seculares,
604 722 860 773 computata
890 714 1063 756 ratione
1096 721 1346 773 temporum
1376 713 1431 757 ab
1461 730 1605 767 ann0‚
1635 731 1724 758 non

323 812 412 856 quo
448 793 661 839 Claudius
692 794 915 854 proxime,
953 793 1030 837 sed
1056 811 1145 854 quo
1173 793 1278 837 olim
1315 796 1540 856 Augustus
1575 795 1724 840 edide-

321 885 401 920 rat.
432 878 483 920 In
510 875 601 931 his,
626 875 904 919 Circensium
931 874 1031 931 die,
1056 892 1145 935 quo
1170 874 1340 919 facilius
1365 884 1542 920 centum
1564 877 1724 921 missus

321 965 656 1018 peragerentur,
687 954 885 1017 singulos
915 972 938 999 a
972 955 1163 1017 septenis
1197 956 1347 1017 spatiis
1381 956 1435 1000 ad
1462 957 1598 1017 quina
1623 974 1722 1001 cor-

320 1037 470 1098 ripuit.
511 1037 711 1081 Instituit
752 1046 795 1080 et
830 1035 1166 1097 quinquennale
1201 1047 1425 1081 certamen
1465 1037 1723 1099 Capitolino

322 1119 420 1163 Jovi
461 1117 641 1179 triplex,
685 1118 932 1174 musicum,
976 1128 1202 1178 equestre,
1243 1118 1523 1179 gymnicum,
1556 1127 1599 1162 et
1642 1117 1723 1161 ali-

320 1209 487 1260 quanto
512 1199 706 1261 plurium
726 1234 737 1256 ,
762 1216 896 1260 quain
924 1216 1042 1243 nunc
1065 1210 1151 1251 est,
1179 1216 1459 1242 coronarum.
1483 1199 1726 1244 Certabant

320 1282 437 1325 enim
477 1291 519 1325 et
549 1298 678 1342 prosa
707 1282 910 1325 oratione
935 1297 1075 1342 graece
1103 1279 1326 1340 latineque
1362 1297 1370 1323 :
1398 1296 1448 1324 ac
1474 1290 1632 1340 praeter
1662 1281 1725 1324 ci-

319 1362 544 1406 tharoedos
576 1362 953 1406 chorocitharistae
981 1377 1160 1422 quoque
1187 1370 1230 1404 et
1260 1359 1613 1421 psilocitliaristae
1638 1377 1647 1404 :
1678 1361 1719 1403 in

322 1444 464 1488 stadio
503 1460 609 1487 vero
652 1460 783 1488 cursu
827 1443 957 1487 etiam
996 1443 1199 1502 virgines.
1235 1441 1477 1485 Certamini
1521 1440 1724 1501 praesedit

321 1525 597 1587 crepidatus,
640 1540 952 1585 purpureaque
992 1524 1177 1567 amictus
1214 1532 1312 1583 toga
1347 1522 1613 1583 graecanica,
1651 1538 1722 1566 ca·

320 1606 410 1667 pite
440 1615 616 1666 gestans
651 1621 862 1648 coronam
897 1620 1076 1647 auream
1109 1620 1211 1647 cum
1243 1602 1387 1664 effigie
1416 1603 1537 1647 Jovis
1567 1619 1617 1647 ac
1642 1605 1720 1647 Ju-

320 1688 448 1730 nonis
473 1687 795 1746 Minervaeque3
825 1683 1116 1729 assidentibus
1146 1683 1263 1728 Diali
1291 1683 1543 1740 sacerdote,
1569 1693 1609 1728 et
1635 1682 1723 1728 col-

322 1766 435 1828 legio
468 1766 757 1824 Flavialium,
789 1767 882 1828 pari
910 1766 1067 1809 habitu
1097 1783 1105 1809 :
1133 1766 1214 1809 nisi
1241 1764 1361 1825 quod
1391 1763 1567 1808 illorum
1595 1781 1721 1808 eoro-

322 1850 389 1892 nis
427 1850 585 1893 inierat
629 1858 672 1892 et
711 1848 847 1910 ipsius
893 1848 1053 1909 imago.
1096 1845 1360 1891 Celebrabat
1393 1856 1436 1890 et
1468 1847 1511 1889 in
1548 1844 1722 1890 Albano

320 1931 558 1992 quotannis
582 1930 884 1991 Quinquatria
906 1930 1144 1984 Minervae,
1166 1928 1238 1972 cui
1263 1925 1497 1989 collegium
1525 1927 1723 1970 institue-

321 2022 411 2070 rat,
433 2029 486 2057 ex
506 2029 596 2073 quo
620 2021 738 2056 sorte
759 2010 881 2055 ducti
908 2011 1163 2072 magisterio
1190 2009 1497 2070 fungerentur,
1520 2007 1722 2052 ederent-

325 2110 410 2154 que
432 2093 612 2138 eximias
641 2093 899 2137 venationes
922 2102 961 2136 et
991 2092 1187 2135 scenicos
1213 2089 1360 2146 ludos,
1386 2106 1606 2151 superque
1627 2105 1724 2133 ora-

319 2184 467 2219 torum
490 2191 540 2218 ac
560 2184 794 2235 poetarum
818 2173 1073 2217 certamina.
1093 2172 1384 2233 Congiarium
1409 2169 1574 2232 populo
1600 2187 1724 2213 num-

318 2272 493 2300 morum
530 2265 809 2299 trecenorum
850 2264 915 2298 ter
944 2253 1066 2297 dedit
1103 2270 1111 2296 :
1145 2264 1275 2313 atque
1316 2253 1431 2295 inter
1472 2248 1722 2312 spectacula

320 2338 514 2382 muneris
551 2336 848 2398 largissimum
880 2334 1076 2398 epulum.
1115 2331 1443 2395 Septimontiali
1471 2349 1595 2376 sacro
1621 2332 1719 2392 qui-

321 2419 445 2476 dem,
482 2419 653 2463 senatui
679 2419 906 2480 equitique
938 2417 1154 2479 panai-iis,
1196 2415 1338 2477 plebei
1368 2412 1586 2476 sportellis
1621 2429 1720 2456 cum

309 2492 508 2544 'obsonio
534 2499 810 2553 distributis3
835 2499 1009 2543 initium
1037 2497 1241 2541 vescendi
1267 2498 1437 2558 primus
1468 2495 1568 2539 fecit
1595 2511 1604 2536 :
1632 2492 1722 2536 die-

322 2598 408 2642 que
439 2583 643 2643 proximo
679 2597 809 2626 omne
851 2596 989 2642 genus
1025 2595 1172 2623 rerum
1212 2577 1393 2622 missilia
1434 2575 1591 2637 sparsit
1630 2592 1638 2616 :
1680 2583 1721 2616 et

322 2662 426 2722 quia
459 2679 561 2723 pars
588 2662 732 2722 major
763 2663 877 2706 intra
912 2659 1142 2723 popularia
1175 2659 1419 2713 deciderat,
1448 2658 1720 2718 quinquage-
