1971 3342
395 266 407 288 1
418 254 465 289 06
770 253 935 288 PUBLII
965 253 1208 289 TERENTII
1238 253 1371 287 VITA.

454 339 510 381 II.
531 337 711 397 Scripsit
735 337 968 380 comoedias
986 353 1059 381 sex
1074 354 1083 380 ;
1099 353 1150 380 ex
1168 337 1327 397 quibus
1351 335 1539 396 primam
1562 335 1774 381 Andriam

391 434 527 477 quum
558 415 756 461 aedilibus
788 417 940 473 daret,
973 418 1118 477 jussus
1152 425 1251 461 ante
1282 415 1455 461 Caecilio
1479 416 1686 472 recitare,
1721 416 1776 461 ad

390 508 635 542 coenantem
676 515 813 558 quum
852 498 1064 553 venisset,
1099 497 1241 541 dictus
1268 507 1355 554 est,
1384 497 1559 542 initium
1597 496 1774 557 quidem

391 578 575 635 fabulae,
601 579 720 639 quod
742 589 836 622 erat
873 579 1159 622 contemtiore
1195 579 1381 634 vestitu,
1415 576 1621 622 subsellio
1650 577 1778 637 juxta

391 658 601 703 lectulum
628 657 821 703 residens
851 657 1032 718 legisse3
1058 668 1157 718 post
1180 674 1343 719 paucos
1368 673 1475 701 vero
1498 674 1649 701 versus
1672 657 1780 700 invi·

390 750 531 797 tatus,
564 750 611 783 ut
633 739 941 793 accumberet,
967 755 1158 782 coenasse
1187 755 1300 795 una,
1329 738 1487 782 deinde
1511 748 1657 782 cetera
1678 754 1776 798 per-

390 821 577 864 currisse
594 855 605 877 ,
632 837 719 863 non
750 820 842 863 sine
878 836 1037 880 magna
1063 817 1226 863 Caecilii
1256 819 1560 862 admiratione.
1585 821 1642 862 Et
1665 817 1779 862 hanc

389 911 561 957 autem,
589 910 630 944 et
659 901 856 960 quinque
882 898 1073 959 reliquas
1114 898 1340 959 aequaliter
1368 897 1532 959 populo
1561 899 1777 960 probavit.

389 982 602 1039 Quamvis
622 980 850 1025 Volcatius
871 979 923 1024 de
943 980 1273 1023 enumeratione
1294 979 1490 1023 omnium
1510 980 1571 1023 ita
1588 979 1750 1024 scribat
1769 997 1778 1023 :

517 1098 690 1132 Sumetur
711 1095 856 1143 Hecyra
884 1101 988 1129 sexta
1013 1106 1059 1129 ex
1087 1093 1144 1128 his
1169 1092 1307 1129 fabula.

390 1195 631 1240 Eunuchus
657 1193 835 1255 quidem
864 1193 930 1236 bis
958 1191 1029 1236 die
1055 1201 1151 1236 acta
1171 1201 1262 1245 est,
1288 1192 1537 1252 meruitque
1562 1192 1753 1252 pretium
1770 1226 1781 1248 ,

390 1286 607 1337 quantum
640 1274 761 1319 nulla
790 1284 915 1318 antea
943 1274 1205 1334 cujusquam
1231 1271 1467 1330 comoedia,
1501 1272 1546 1316 id
1572 1282 1657 1330 est,
1681 1282 1781 1317 octo

392 1357 528 1402 millia
563 1373 793 1401 nummum
828 1373 836 1399 :
869 1364 1102 1416 propterea
1137 1369 1309 1398 summa
1336 1369 1514 1415 quoque
1543 1353 1676 1399 titulo
1706 1353 1782 1399 ad-

390 1439 611 1484 scribitur.
650 1439 766 1482 Nam
810 1434 1115 1498 Adelphorum
1155 1435 1422 1496 principium
1464 1436 1608 1479 Varro
1646 1435 1778 1478 etiam

391 1519 565 1581 praefert
593 1518 811 1579 principio
838 1515 1087 1561 Menandri.
1112 1516 1215 1561 Non
1241 1515 1426 1559 obscura
1454 1514 1571 1559 fama
1595 1523 1680 1568 est,
1707 1514 1784 1558 ad-

388 1601 533 1661 jutum
559 1600 812 1643 Terentium
842 1598 887 1641 in
923 1595 1096 1658 scriptis
1134 1612 1157 1639 a
1190 1594 1326 1640 Laelio
1353 1604 1395 1639 et
1429 1595 1655 1655 Scipione,
1684 1596 1779 1656 qui-

392 1681 576 1724 buscum
601 1677 872 1722 familiariter
896 1677 1014 1720 vixit.
1040 1675 1252 1720 Eamdem
1273 1676 1364 1736 ipse
1385 1676 1504 1719 auxit
1523 1691 1532 1718 τ
1552 1690 1779 1736 nunquam

392 1762 535 1817 enim,
558 1761 639 1803 nisi
661 1758 828 1813 leviter,
849 1775 893 1801 se
916 1757 1049 1801 tutari
1074 1765 1274 1812 conatur,
1297 1765 1344 1799 ut
1372 1756 1416 1798 in
1437 1754 1622 1816 prologo
1644 1754 1776 1799 Adel-

394 1843 579 1903 phorum
611 1859 619 1885 :

499 1957 590 1990 Nam
613 1955 718 2002 quod
738 1953 799 1988 isti
823 1953 955 1988 dicunt
977 1950 1176 1995 malevoli,
1196 1949 1369 1985 homines
1393 1950 1542 1985 nobiles

497 2019 606 2052 Hunc
634 2016 822 2063 adjutare,
846 2014 1067 2061 assidueque
1096 2025 1168 2048 una
1197 2012 1387 2047 scribere:

497 2080 610 2124 Quod
637 2078 691 2114 illi
717 2078 959 2113 maledictum
987 2076 1189 2111 vehemens
1216 2074 1456 2119 existimant,

496 2143 587 2177 Eam
608 2141 755 2176 laudem
784 2140 844 2175 hic
867 2139 970 2174 ducit
995 2137 1217 2180 maximam,
1243 2149 1356 2184 quum
1376 2137 1449 2172 illis
1476 2137 1620 2185 placet,

498 2204 571 2248 Qui
595 2203 703 2237 vobis
728 2201 912 2237 universis
935 2208 971 2236 et
991 2201 1134 2248 populo
1162 2200 1331 2247 placent:

499 2268 671 2310 Quorum
700 2275 815 2311 opera
844 2263 881 2297 in
911 2263 1013 2297 bello
1029 2290 1038 2306 ‚
1062 2262 1101 2296 in
1129 2260 1230 2305 otio,
1254 2261 1292 2295 in
1317 2261 1494 2308 negotio,

500 2330 574 2363 Suo
604 2327 758 2374 quisque
785 2333 956 2371 tempore
976 2337 1060 2359 usus
1087 2331 1141 2358 est
1164 2324 1243 2358 sine
1269 2323 1456 2370 superbia.

395 2428 583 2473 Videtur
608 2436 752 2471 autem
775 2442 818 2469 se
844 2424 980 2469 levius
1010 2422 1277 2480 defendisse,
1303 2424 1404 2484 quia
1427 2423 1616 2479 sciebat,
1648 2421 1780 2467 Laelio

395 2521 435 2553 et
464 2509 657 2569 Scipioni
684 2524 772 2551 non
794 2508 1012 2568 ingratam
1033 2521 1124 2547 csse
1145 2504 1259 2548 hanc
1283 2505 1535 2565 opinionem
1566 2521 1575 2548 ε
1598 2520 1692 2564 quae
1715 2513 1781 2547 ta-

398 2607 495 2633 men
523 2589 658 2651 magis
683 2598 723 2632 et
749 2603 886 2648 usquc
914 2585 967 2629 ad
992 2585 1232 2646 posteriora
1259 2594 1455 2645 tempora
1483 2583 1630 2629 valuit.

462 2671 538 2713 ΙΙΙ.
566 2670 608 2726 Q
649 2670 884 2712 Memmius
921 2668 962 2709 in
989 2665 1187 2709 oratione
1228 2682 1306 2725 pro
1336 2683 1379 2710 se
1405 2667 1461 2709 ait
1492 2683 1501 2708 :
1531 2686 1551 2706 «
1586 2667 1630 2709 P.
1669 2664 1781 2708 Afri-
