1988 3439
0 3373 22 3439 Ρ·

694 269 953 305 CLAUDIUS.
1443 286 1459 308 2
1469 283 1487 308 τ,
1498 287 1509 308 1

147 374 331 401 uxorum
376 356 722 413 libertorumque
761 353 970 405 arbitrio,
1017 351 1368 412 administraxit3
1421 356 1515 400 talis

148 440 309 499 ubique
331 437 609 499 plerumque,
629 432 804 495 qualem
820 450 910 477 esse
925 450 1046 488 eum,
1069 444 1145 478 aut
1165 436 1387 496 expediret
1408 436 1490 481 illis
1504 472 1515 492 ,

145 529 219 563 aut
245 518 409 563 liberet.

208 600 373 644 XXVI.
410 599 601 659 Sponsas
638 593 875 639 admodum
908 593 1158 640 adolescens
1197 594 1304 639 duas
1335 597 1517 641 habuit:

147 678 364 725 AEmiliam
391 676 630 739 Lepidam,
662 676 848 736 Augusti
881 685 1168 736 proneptem;
1206 677 1307 720 item
1347 679 1514 721 Liviam

146 758 430 805 Medullinam
448 791 461 813 ‚
491 755 561 801 cui
592 765 635 800 et
661 772 906 817 cognomen
936 755 1129 800 Camillae
1155 767 1273 812 erat,
1311 774 1334 801 e
1363 774 1519 819 genere

146 841 328 901 antiquo
353 838 576 883 dictatoris
593 835 783 882 Camilli.
813 837 1028 893 Priorem,
1056 837 1176 898 quod
1204 849 1407 898 parentes
1427 840 1520 899 ejus

146 924 393 981 Augustum
440 916 746 971 offenderant,
796 918 1009 978 virginem
1051 917 1195 962 adhuc
1236 919 1484 979 repudiavit
1510 937 1519 962 :

147 1000 430 1062 posteriorem
456 999 550 1060 ipso
570 997 662 1052 die,
684 998 759 1058 qui
781 1007 873 1041 erat
899 998 1063 1059 nuptiis
1088 998 1350 1053 destinatus,
1375 1016 1426 1043 ex
1450 1016 1522 1044 va-

146 1079 339 1125 letudine
365 1080 520 1124 amisit.
563 1081 726 1123 Uxores
753 1077 909 1121 deinde
941 1078 1064 1122 duxit
1086 1077 1301 1123 Plautiam
1330 1079 1521 1140 Urgula-

149 1160 319 1217 nillam,
355 1158 633 1221 triumphali,
669 1169 711 1203 et
735 1176 835 1203 mox
865 1158 1018 1202 AEliam
1046 1160 1272 1211 petinam,
1303 1159 1520 1204 consulari

149 1250 284 1302 patre.
301 1242 411 1284 Cum
433 1249 617 1300 utraque
640 1239 876 1283 divortium
904 1238 1027 1282 fecit:
1057 1239 1127 1282 sed
1156 1256 1254 1282 cuin
1278 1241 1451 1291 Petina,
1472 1258 1521 1283 ex

146 1320 313 1364 levibus
336 1319 537 1371 offensis;
561 1337 661 1364 cum
687 1318 990 1381 Urgulanilla,
1016 1320 1072 1362 ob
1099 1318 1329 1363 libidinum
1361 1320 1523 1379 probra

148 1411 190 1445 et
223 1399 447 1445 homicidii
481 1401 786 1460 suspicionem.
827 1401 929 1443 Post
967 1400 1044 1443 has
1071 1398 1291 1443 Valeriam
1326 1399 1524 1444 Messali-

154 1497 272 1537 nam,
298 1480 475 1525 Barbati
495 1478 715 1533 Messalae,
737 1479 987 1523 consobrini
1020 1480 1106 1532 sui,
1132 1479 1260 1523 filiam
1276 1514 1287 1533 ,
1310 1481 1352 1523 in
1376 1482 1525 1523 inatri-

148 1561 347 1605 monium
366 1561 545 1622 accepit.
575 1560 723 1616 Quam
749 1576 883 1620 quum
910 1560 1212 1621 comperisset,
1234 1576 1365 1620 super
1384 1570 1525 1603 cetera

147 1641 311 1702 flagitia
343 1650 472 1701 atque
504 1639 740 1695 dedecora,
775 1642 822 1685 C.
855 1638 962 1684 Silio
991 1640 1120 1684 etiam
1155 1640 1380 1700 nupsisse,
1421 1639 1525 1684 dote

149 1722 262 1765 inter
277 1723 472 1782 auspices
488 1721 767 1782 consignata,
791 1719 1005 1782 supplicio
1032 1721 1201 1776 affecit3
1226 1721 1524 1765 confirmavit-

148 1817 234 1862 que
272 1817 351 1861 pro
389 1801 600 1845 concione
637 1800 751 1861 apud
790 1802 1099 1861 praetorianos,
1139 1801 1405 1858 «Quatenus
1445 1802 1526 1846 sibi

149 1881 426 1925 matrimonia
444 1879 555 1925 male
568 1880 790 1936 cederent,
812 1898 1142 1942 permansurum
1166 1898 1210 1925 se
1229 1883 1269 1925 in
1291 1881 1495 1926 coelibatu
1515 1900 1525 1926 :

148 1977 199 2005 ac
227 1961 309 2006 nisi
334 1963 661 2022 permansisset,
686 1978 773 2005 non
797 1971 1099 2006 recusaturum
1122 1962 1297 2006 confodi
1326 1963 1526 2007 manibus

150 2041 361 2101 ipsorum.
383 2060 404 2081 n
443 2041 535 2085 Nec
571 2040 728 2085 durare
769 2039 930 2097 valuit,
967 2043 1071 2101 quin
1111 2041 1163 2085 (le
1199 2042 1527 2086 conditionibus

149 2121 359 2164 continuo
384 2130 609 2176 tractaret,
634 2122 764 2166 etiam
792 2121 845 2165 de
872 2123 1052 2177 Petinae,
1081 2139 1210 2182 quam
1241 2121 1343 2166 olim
1373 2138 1525 2183 exege-

151 2209 239 2253 rat,
265 2199 404 2260 deque
430 2199 579 2244 Lolliae
601 2200 812 2257 Paulinae,
840 2219 936 2262 quae
959 2204 1007 2246 C.
1027 2204 1185 2247 Caesari
1212 2213 1348 2263 nupta
1370 2202 1526 2246 fuerat.

152 2282 316 2323 Verum
346 2278 558 2323 illecebris
586 2282 856 2342 Agrippinae,
880 2283 1129 2326 Germanici
1157 2282 1301 2326 fratris
1321 2284 1384 2326 sui
1410 2283 1528 2336 silim,

152 2377 227 2421 per
254 2360 325 2420 jus
358 2359 493 2404 osculi
534 2370 575 2404 et
609 2360 918 2404 blanditiarum
955 2363 1202 2406 occasiones
1239 2362 1445 2423 pellectus
1485 2364 1528 2406 in

152 2455 367 2493 amorem,
406 2439 686 2492 subornavit,
726 2441 924 2502 proximo
962 2451 1135 2495 senatu,
1170 2443 1241 2502 qui
1278 2453 1528 2495 censerent,

151 2518 396 2580 cogendum
426 2536 470 2563 se
507 2519 561 2563 ad
593 2519 840 2565 ducendum
874 2538 968 2565 eam
999 2539 1201 2577 uxorem,
1231 2524 1352 2582 quasi
1386 2524 1527 2583 reipu-

154 2598 273 2643 blicae
300 2601 484 2644 maxime
504 2601 759 2655 interesset3
789 2601 1069 2662 dandamque
1089 2604 1240 2646 ceteris
1269 2604 1434 2646 veniam
1469 2613 1527 2645 tn·

155 2677 260 2723 lium
289 2681 622 2741 conjugiorum,
649 2699 741 2742 quie
771 2682 824 2726 ad
855 2682 894 2726 id
921 2693 1091 2743 teinpus
1122 2685 1277 2727 incesta
1307 2683 1526 2726 habeban-
