1971 3342
403 254 474 289 258
937 252 973 285 C.
1001 251 1230 286 SUETONH

402 353 500 380 mox
521 335 827 378 dominationis
851 350 935 377 suae
959 333 1148 377 fautores
1178 343 1305 392 atque
1334 340 1542 387 rectores,
1573 349 1757 387 veneno,

403 417 561 477 partim
582 416 689 459 cibis
705 449 716 470 ,
738 416 896 475 partim
922 413 1172 473 potionibus
1196 412 1352 463 indito,
1377 412 1616 471 intercepit.

464 498 672 540 XXXVI.
693 496 783 539 Nec
811 494 978 537 minore
1006 494 1166 536 saevitia
1195 492 1297 536 foris
1321 502 1362 536 et
1384 493 1428 535 in
1456 501 1622 535 exteros
1651 508 1763 553 gras·

402 586 517 620 satus
543 585 618 620 est.
653 572 786 618 Stella
815 573 994 628 crinita,
1018 588 1113 632 quae
1141 573 1319 616 summis
1349 572 1635 633 potestatibus
1674 572 1762 615 exi—

403 658 510 700 tium
543 653 801 716 portendere
830 651 961 712 vulgo
998 660 1204 711 putatur,
1239 668 1315 713 per
1350 652 1577 695 continuas
1608 660 1759 694 noctes

402 737 505 779 oriri
529 743 732 795 coeperat.
762 733 926 777 Anxius
949 747 997 775 ea
1029 746 1097 787 re,
1123 740 1169 774 ut
1194 747 1245 775 ex
1268 730 1419 775 Babilo
1452 729 1672 791 astrologo
1699 729 1762 773 di-

402 815 524 868 dicit,
550 813 687 857 solere
713 828 833 874 reges
860 810 961 855 talia
995 820 1164 856 ostenta
1191 810 1303 855 caede
1331 810 1476 871 aliqua
1500 809 1656 854 illustri
1691 826 1762 853 ex-

401 896 548 955 piare,
573 904 704 954 atque
728 909 751 936 a
771 901 905 936 semet
930 892 974 935 in
1005 892 1147 952 capita
1173 907 1402 952 procerum
1423 889 1662 951 depellere3
1689 907 1764 933 no-

400 973 608 1017 bilissimo
643 974 798 1033 cuique
837 972 1015 1016 exitium
1057 971 1302 1015 destinavit.
1346 971 1580 1014 Enimvero
1624 969 1762 1014 multo

401 1055 560 1115 magis,
584 1064 626 1097 et
655 1053 778 1112 quasi
807 1069 884 1113 per
900 1053 1062 1112 justam
1080 1067 1253 1095 causam
1269 1085 1280 1105 ,
1306 1049 1472 1092 duabus
1495 1050 1763 1109 conjuratio-

402 1134 527 1176 nibus
557 1131 826 1193 provulgatis
859 1148 868 1174 ε
894 1147 1081 1191 quarum
1109 1131 1230 1190 prior
1253 1129 1480 1189 majorque
1504 1129 1764 1183 Pisoniana,

400 1216 575 1267 Romae3
608 1211 846 1272 posterior,
877 1210 1132 1266 Viniciana,
1159 1209 1395 1252 Beneventi
1423 1206 1610 1251 conflata
1639 1216 1766 1267 atque

400 1293 567 1336 detecta
593 1302 669 1336 est.
705 1291 934 1351 Conjurati
968 1307 990 1334 e
1022 1288 1205 1332 vinculis
1241 1287 1477 1348 triplicium
1513 1295 1765 1330 catenarum

400 1373 548 1416 dixere
573 1388 747 1416 causam
774 1388 782 1413 :
804 1387 941 1431 quum
971 1369 1149 1430 quidam
1169 1370 1330 1412 crimen
1358 1366 1473 1411 ultro
1498 1366 1763 1422 faterentur,

401 1451 601 1496 nonnulli
629 1453 757 1495 etiam
784 1451 1075 1510 imputarent,
1102 1459 1311 1507 tanquam
1328 1446 1453 1490 aliter
1470 1445 1535 1489 illi
1553 1463 1641 1490 non
1667 1462 1765 1506 pos-

400 1543 517 1588 sent,
543 1532 623 1575 nisi
650 1541 809 1587 morte,
836 1545 1112 1584 succurrere,
1139 1528 1399 1571 dedecorato
1428 1526 1600 1587 flagitiis
1625 1526 1764 1570 omni-

400 1613 493 1655 bus.
526 1614 848 1655 Damnatorum
871 1608 995 1652 liberi
1019 1608 1140 1652 Urbe
1169 1606 1309 1667 pulsi,
1333 1607 1555 1666 enectique
1577 1620 1763 1662 veneno,

401 1700 476 1734 aut
495 1690 618 1734 fame.
639 1691 846 1745 Constat,
873 1687 1084 1748 quosdam
1103 1703 1201 1730 cum
1223 1686 1467 1747 paedagogis
1494 1694 1536 1729 et
1560 1686 1765 1746 capsariis

402 1787 489 1814 uno
508 1770 693 1830 prandio
716 1770 879 1830 pariter
899 1777 1102 1822 necatos,
1124 1766 1229 1810 alios
1251 1765 1457 1809 diurnum
1481 1765 1646 1809 victum
1668 1781 1767 1826 pro-

405 1850 561 1893 hibitos
584 1865 791 1910 quaerere.

464 1931 693 1973 XXXVII.
724 1927 880 1973 Nullus
907 1927 1087 1988 posthac
1114 1925 1332 1969 adhibitus
1358 1925 1547 1969 delectus
1574 1934 1648 1967 aut
1676 1940 1768 1967 mo-

401 2009 481 2052 dus
512 2007 815 2063 interimendi,
857 2022 1141 2067 quoscunque
1180 2005 1394 2060 libuisset,
1423 2019 1682 2064 quacunque
1717 2003 1769 2046 de

403 2105 546 2131 causa.
589 2088 671 2131 Sed
700 2103 754 2130 ne
787 2086 839 2129 de
878 2085 1075 2145 pluribus
1113 2083 1323 2140 referam,
1351 2082 1601 2127 Salvidieno
1625 2082 1768 2127 Orfito

402 2168 618 2227 objectum
656 2176 741 2221 est,
776 2164 893 2225 quod
933 2165 1133 2207 tabernas
1170 2174 1255 2208 tres
1298 2163 1351 2207 de
1378 2162 1509 2207 domo
1537 2180 1613 2206 sua
1655 2163 1768 2206 circa

405 2250 566 2291 Forum
585 2246 833 2290 civitatibus
851 2244 906 2288 ad
928 2245 1157 2288 stationem
1172 2243 1377 2288 locasset:
1401 2244 1549 2288 Cassio
1568 2243 1768 2304 Longino

400 2326 709 2387 jurisconsulto
725 2361 736 2380 ,
767 2342 815 2369 ac
840 2325 1076 2368 luminibus
1096 2324 1270 2381 orbato,
1295 2322 1413 2384 quod
1436 2324 1480 2367 in
1499 2333 1639 2366 vetere
1663 2338 1767 2384 gen-

405 2407 468 2450 tili
499 2417 725 2451 stemmate
750 2408 800 2451 C.
817 2406 976 2460 Cassii,
1002 2405 1268 2465 percussoris
1293 2405 1494 2460 Caesaris,
1524 2403 1767 2447 retinuisset

407 2489 616 2548 imagines
644 2505 652 2530 ε
687 2490 804 2531 Paeto
827 2487 1050 2541 Thrascae,
1085 2485 1249 2527 tristior
1282 2493 1324 2527 et
1352 2483 1573 2544 paedagogi
1607 2481 1766 2525 vultus.

408 2568 521 2610 Mori
537 2568 664 2627 jussis
684 2584 770 2610 non
790 2565 999 2627 amplius,
1019 2580 1148 2624 quam
1168 2564 1374 2607 horarum
1393 2563 1602 2623 spatium,
1624 2560 1767 2604 dabat.

409 2650 467 2689 Ae
490 2663 539 2689 ne
561 2647 663 2706 quid
687 2663 815 2690 morte
836 2644 1137 2701 interveniret,
1161 2643 1345 2687 medicos
1366 2641 1644 2698 admovebat,
1663 2642 1767 2700 «qui
