1971 3342
435 268 505 290 222
974 256 1010 289 (ἶ.
1038 256 1270 291 SUETONII

433 350 516 383 tur.
547 342 609 383 Ac
636 340 704 383 vix
735 356 821 383 uno
858 340 1115 400 interposito
1152 338 1220 382 die
1257 336 1442 382 confecit
1479 339 1676 398 nuptias;
1712 356 1798 383 non

434 421 635 480 repertis,
665 421 739 480 qui
765 429 1053 480 sequerentur
1081 418 1348 479 exemplum,
1386 428 1569 478 excepto
1595 417 1802 463 libertino

432 500 644 561 quodam,
663 510 704 544 et
720 500 855 544 altero
878 498 1161 560 primipilari,
1185 500 1308 559 cujus
1331 498 1526 542 officium
1548 499 1801 558 nuptiarum

431 591 473 624 et
498 582 587 642 ipse
614 598 711 625 cuin
737 580 981 642 Agrippina
1005 578 1254 624 celebravit.

500 664 680 706 XXVII.
722 661 908 705 Liberos
932 677 984 704 ex
1012 660 1150 704 tribus
1179 660 1388 704 uxoribus
1415 659 1544 704 tulit:
1572 676 1624 704 ex
1652 661 1803 721 Urgu-

432 741 578 786 lanilla
617 744 811 785 Drusum
838 750 880 784 et
907 740 1163 795 Claudiam3
1188 757 1240 784 ex
1272 741 1427 784 Petina
1456 740 1720 795 Antonialn3
1753 756 1804 784 ex

431 821 664 866 Messalina
692 822 940 876 Octaviam,
966 831 1008 864 et
1028 837 1158 881 quem
1179 821 1321 881 primo
1344 821 1680 877 Germanicum,
1702 837 1801 864 mox

433 904 731 946 Britannicum
760 901 1097 962 cognominavit.
1138 903 1332 944 Drusum
1357 901 1576 961 Pompeiis
1601 901 1800 961 impube-

430 1001 520 1026 rem
548 984 712 1036 amisit,
741 983 857 1043 piro,
881 999 959 1042 per
987 981 1130 1025 lusum
1155 981 1198 1024 in
1221 980 1404 1024 sublime
1426 981 1590 1041 jactato
1610 991 1652 1025 et
1675 981 1799 1025 hiatu

429 1064 516 1106 oris
555 1072 757 1123 excepto,
796 1061 1143 1122 strangulatum3
1182 1061 1251 1104 eui
1286 1070 1328 1104 et
1369 1070 1470 1103 ante
1511 1077 1670 1120 paucos
1709 1062 1802 1105 dies

430 1143 561 1187 filiam
588 1144 730 1203 Sejani
752 1142 1065 1203 despondisset.
1085 1142 1188 1198 Quo
1213 1141 1351 1201 magis
1369 1141 1519 1197 miror,
1546 1141 1699 1197 fuisse,
1724 1144 1800 1202 qui

430 1224 670 1281 traderent,
694 1223 846 1267 fraude
861 1240 885 1266 a
899 1223 1059 1283 Sejano
1076 1232 1292 1266 necatum.
1310 1221 1554 1278 Claudiam,
1573 1239 1626 1266 ex
1644 1222 1801 1267 liberto

428 1322 506 1348 suo
531 1309 687 1349 Botere
710 1314 995 1365 conceptam,
1023 1303 1220 1363 quamvis
1252 1313 1353 1346 ante
1378 1303 1581 1363 quintum
1609 1320 1798 1347 mensem

428 1385 603 1429 divortii
630 1395 798 1435 natam,
822 1383 966 1444 alique
991 1393 1197 1443 coeptam,
1221 1384 1378 1443 exponi
1406 1393 1552 1426 tamen
1578 1382 1630 1426 ad
1651 1384 1803 1427 matris

424 1466 624 1526 januam,
647 1475 689 1508 et
716 1464 877 1508 nudam
896 1464 1026 1523 jussit
1053 1464 1192 1523 abjici.
1221 1464 1456 1507 Antoniam
1482 1465 1562 1507 Cn.
1588 1465 1800 1524 Pompeio

427 1548 611 1606 Magno,
650 1544 805 1588 deinde
839 1547 999 1588 Fausto
1038 1542 1190 1599 Sullae,
1232 1543 1508 1587 nobilissimis
1540 1544 1801 1603 juvenibus,

429 1627 656 1669 Octaviam
683 1625 846 1669 Neroni
882 1624 1083 1684 privigno
1112 1640 1189 1667 suo
1221 1622 1478 1678 collocavit,
1513 1622 1663 1667 Silano
1696 1633 1797 1668 ante

427 1705 744 1766 desponsatam.
771 1705 1093 1759 Britannicum,
1119 1703 1325 1746 vicesimo
1353 1701 1521 1762 imperii
1547 1702 1636 1757 die,
1665 1703 1796 1763 inque

427 1785 619 1829 seeundo
641 1784 871 1828 consulatu
897 1794 1045 1827 natum
1073 1783 1172 1838 sibi,
1200 1782 1432 1843 parvulum
1459 1783 1588 1826 etiam
1616 1793 1730 1840 turn,
1755 1793 1798 1827 et

428 1865 578 1919 militi,
606 1882 684 1925 pro
711 1865 920 1908 concione
946 1863 1148 1907 manibus
1176 1864 1262 1906 suis
1282 1872 1532 1924 gestans,et
1558 1862 1697 1922 plebi,
1724 1880 1801 1923 per

426 1944 672 2006 spectacula
690 1946 855 2006 gremio
870 1955 944 1988 aut
962 1955 1062 1988 ante
1084 1960 1128 1987 se
1148 1944 1358 1997 retinens,
1378 1942 1547 1986 assidue
1575 1959 1798 1986 commen-

426 2026 577 2081 dabat,
597 2025 834 2085 faustisque
853 2025 1071 2068 ominibus
1085 2041 1183 2067 eum
1199 2022 1531 2066 acclamantium
1550 2022 1677 2065 turba
1700 2039 1802 2083 pro-

426 2107 701 2165 sequebatur.
727 2108 762 2148 E
790 2106 959 2165 generis
991 2105 1208 2146 Neronem
1241 2102 1467 2163 adoptavit
1500 2119 1509 2145 ε
1540 2102 1797 2162 Pompeium

426 2197 556 2245 atque
582 2185 779 2229 Silanum
808 2202 893 2227 non
920 2185 1135 2227 recusavit
1157 2183 1307 2239 modo,
1334 2183 1408 2226 sed
1432 2193 1473 2226 et
1499 2183 1731 2226 interemit.

490 2268 697 2309 XXVIII.
729 2266 1006 2308 Libertorum
1034 2265 1247 2324 praecipue
1274 2264 1464 2324 suspexit
1490 2262 1675 2307 Posiden
1703 2278 1799 2323 spa-

426 2346 608 2399 donem,
628 2362 755 2405 quem
779 2347 905 2388 etiam
932 2343 1178 2388 britannico
1202 2344 1423 2403 triumpho
1449 2344 1561 2386 inter
1587 2341 1795 2385 militares

427 2428 542 2470 viros
584 2426 705 2469 hasta
746 2443 857 2486 pura
891 2425 1097 2469 donavit:
1128 2441 1206 2468 nec
1246 2425 1387 2466 miuus
1424 2422 1634 2478 Felicem,
1665 2437 1793 2481 quem

425 2507 677 2549 cohortibus
701 2516 743 2549 et
768 2504 845 2549 alis
864 2505 1182 2565 provinciaeque
1207 2503 1365 2547 Judaeae
1389 2503 1637 2563 praeposuit,
1660 2501 1793 2544 trium

426 2588 672 2646 reginarum
702 2586 934 2635 maritum:
971 2594 1013 2627 et
1043 2586 1287 2643 Arpocran,
1317 2584 1384 2626 cui
1420 2581 1567 2626 lectica
1596 2596 1673 2640 per
1708 2581 1794 2622 Ur-

427 2666 519 2707 bem
546 2666 753 2720 vehendi,
781 2663 1110 2724 spectaculaque
1136 2663 1304 2723 publice
1333 2662 1484 2706 edendi
1508 2663 1578 2721 jus
1605 2659 1757 2703 tribuit
1786 2677 1793 2702 :
