1988 3407
192 294 315 309 mmmm*
318 297 718 314 tswwmtxuxuxmxxxtx
722 303 1064 320 xxstnmmxtxw

494 452 671 510 CAII
721 457 1001 515 PLINII
1046 462 1266 522 VITA.

775 647 986 658 ἡ

186 748 386 832 Hirtius
412 788 670 847 SECUNDUS,
704 793 1073 855 Novocomensis,
1099 803 1375 861 equestribus
1404 806 1573 853 militiis

182 866 395 912 industrie
439 868 638 928 functus,
678 876 1009 933 procurationes
1048 897 1227 942 quoque
1271 884 1572 946 splendidissi-

179 963 296 1003 mas,
320 957 448 1009 atque
471 952 726 1008 continuas,
748 971 918 1001 summa
944 959 1196 1022 integritate
1220 964 1569 1026 administravit,

177 1037 220 1071 et
261 1037 407 1072 tamen
449 1028 702 1077 liberalibus
740 1036 895 1081 studiis
932 1049 1100 1085 tantam
1132 1059 1315 1105 operam
1343 1046 1484 1106 dedit,
1522 1064 1568 1096 nt

175 1124 263 1151 non
299 1118 462 1154 temere
500 1113 597 1172 quis
629 1112 757 1174 plura
797 1117 839 1161 in
874 1119 965 1163 otio
995 1123 1230 1183 scripserit.
1264 1128 1417 1188 Itaque
1453 1131 1567 1177 bella

174 1189 344 1246 omnia,
371 1207 466 1250 quae
495 1207 689 1253 unquam
725 1212 825 1240 cum
851 1200 1085 1246 Germanis
1111 1214 1231 1265 gesta
1257 1218 1379 1265 sunt,
1407 1210 1564 1272 viginti

177 1267 476 1315 voluminibus
497 1276 845 1334 comprehendit.
872 1281 981 1323 Item
1013 1283 1239 1330 Naturalis
1264 1288 1467 1334 Historiae
1489 1295 1564 1336 tri-

171 1349 292 1410 ginta
334 1360 502 1412 septem
543 1351 679 1399 libros
717 1357 918 1403 absolvit.
960 1363 1095 1406 Periit
1131 1363 1253 1411 clade
1296 1372 1562 1433 Campaniae.

171 1430 285 1474 Nam
316 1447 453 1491 quum
483 1433 718 1480 misenensi
748 1436 875 1482 classi
902 1454 1132 1502 praeesset,
1159 1455 1203 1490 et
1226 1447 1440 1509 flagrante
1477 1456 1562 1498 Ve-

169 1525 271 1554 sevo
301 1510 357 1555 ad
399 1511 688 1574 explorandas
724 1520 906 1580 propius
945 1538 1098 1568 causas
1133 1524 1351 1574 liburnica
1380 1543 1558 1592 perten-

168 1588 329 1647 disset,
370 1609 512 1654 neque
543 1594 878 1645 adversantibus
917 1604 1058 1648 ventis
1086 1622 1281 1653 remeare
1312 1623 1487 1672 posset,
1518 1618 1558 1659 vi

168 1669 360 1732 pulveris
388 1689 438 1717 ac
461 1673 619 1720 favillae
642 1694 878 1740 oppressus
902 1692 991 1740 est;
1014 1684 1108 1740 vel,
1136 1697 1186 1731 ut
1211 1689 1391 1749 quidam
1419 1695 1559 1739 existi-

167 1761 311 1808 mant,
354 1769 377 1797 a
413 1770 538 1799 servo
576 1773 654 1801 suo
692 1761 888 1819 occisus,
919 1780 1077 1824 quem,
1106 1766 1314 1815 deficiens
1341 1784 1477 1832 aestu,
1511 1788 1559 1821 ut

167 1848 317 1876 necem
346 1834 426 1877 sibi
455 1846 722 1897 maturaret,
750 1845 952 1888 oraverit.
