1971 3342
407 233 451 271 44
923 227 959 262 C.
988 229 1215 264 SUF-TONII

404 312 554 371 Capua
581 311 753 355 deducti
781 311 874 373 lege
895 313 917 354 J
923 310 1008 354 ulia
1032 311 1172 355 coloni
1194 311 1248 355 ad
1271 310 1549 355 exstruendas
1563 311 1680 356 villas
1696 330 1757 357 se-

404 388 554 449 pulcra
580 392 867 435 vetustissima
899 391 1164 451 disjicerent,
1201 392 1328 452 idque
1354 408 1403 435 eo
1437 391 1669 435 studiosius
1694 393 1756 436 fa-

403 480 570 527 cerent,
617 471 734 531 quod
780 470 1049 532 aliquantum
1090 471 1365 516 vasculorum
1409 472 1549 532 operis
1590 472 1756 532 antiqui

403 559 641 594 scrutantes
667 551 964 612 reperiebant3
991 550 1138 595 tabula
1161 568 1278 595 aenea
1309 552 1354 595 in
1381 560 1685 604 monumento,
1712 551 1757 593 in

403 645 489 689 quo
515 629 736 674 dicebatur
763 633 926 691 Capys,
943 630 1335 691 conditorCapuae,
1352 629 1566 692 sepultus,
1582 631 1759 674 inventa

403 717 484 765 est,
511 709 754 770 conscripta
784 709 936 754 litteris
967 710 1194 770 verbisque
1220 711 1388 771 graecis,
1413 711 1493 754 hac
1520 710 1756 754 sententia:

404 789 715 850 «Quandoque
749 806 845 833 ossa
875 791 1032 851 Capyis
1061 789 1226 834 detecta
1261 800 1425 847 essent,
1461 790 1553 834 fore
1583 799 1632 833 ut
1661 787 1758 833 Iulo

404 878 641 929 prognatus
666 886 796 912 manu
834 870 1253 930 consanguineorum
1288 880 1539 924 necaretur,
1572 869 1758 930 magnis,

404 964 486 1007 que
518 965 618 991 mox
646 947 778 992 Italiae
810 948 1004 993 cladibus
1040 949 1385 993 vindicaretur.»
1425 950 1561 1010 Cujus
1595 950 1682 1005 rei,
1706 966 1761 992 ne

404 1028 499 1086 quis
527 1027 766 1076 fabulosam
791 1038 865 1072 aut
880 1030 1221 1072 commentitiam
1235 1039 1383 1090 putet,
1406 1039 1635 1072 auctorest
1654 1030 1761 1072 Cor·-

404 1106 541 1150 nelius
570 1107 749 1164 Balbus,
769 1109 1126 1152 familiarissimus
1155 1110 1348 1153 Caesaris.
1375 1109 1586 1152 Proximis
1612 1108 1761 1150 diebus

403 1202 611 1246 equorum
650 1204 820 1248 greges,
848 1205 955 1247 quos
991 1189 1035 1231 in
1066 1188 1320 1248 trajiciendo
1345 1189 1562 1232 Rubiconi
1594 1187 1761 1231 flumini

404 1277 695 1321 consecrarat,
719 1284 767 1310 ac
791 1284 923 1328 vagos
961 1278 1001 1311 et
1035 1268 1125 1311 sine
1161 1267 1339 1311 custode
1379 1267 1618 1324 dimiserat,
1644 1284 1760 1311 com·

403 1346 513 1405 perit
534 1347 873 1405 pertinacissime
898 1346 1058 1407 pabulo
1085 1348 1321 1403 abstinere,
1348 1347 1620 1407 ubertimque
1644 1347 1758 1390 flere.

404 1426 457 1467 Et
485 1424 777 1468 immolantem
802 1426 1017 1486 haruspex
1040 1428 1257 1487 Spurinna
1282 1427 1470 1483 monuit,
1497 1436 1663 1470 caveret
1690 1442 1762 1486 pe-

405 1503 611 1561 riculum,
636 1504 750 1564 quod
770 1522 857 1548 non
876 1504 990 1549 ultra
1005 1507 1176 1549 martias
1197 1506 1292 1549 idus
1318 1506 1597 1566 proferretur.
1618 1505 1762 1550 Pridie

406 1594 549 1626 autem
578 1584 745 1627 easdem
774 1584 868 1628 idus
907 1602 1029 1629 avem
1070 1585 1352 1646 regaliolum,
1391 1603 1490 1630 cum
1519 1585 1667 1629 laureo
1697 1602 1763 1629 ra-

406 1662 523 1706 mulo
545 1665 817 1724 Pompeianae
840 1666 968 1708 curiae
985 1683 1027 1709 se
1052 1666 1327 1722 inferentem,
1347 1665 1541 1710 volucres
1560 1666 1668 1709 varii
1689 1682 1762 1726 ge-

406 1743 518 1785 neris
549 1761 599 1786 ex
634 1745 829 1803 proximo
861 1762 1035 1790 nemore
1066 1756 1302 1807 persecutae
1334 1746 1494 1790 ibidem
1525 1746 1762 1806 discerpse-

407 1833 520 1865 runt.
548 1826 609 1866 Ea
637 1841 735 1867 vero
762 1835 906 1880 nocte,
934 1828 1001 1869 cui
1030 1825 1170 1869 illuxit
1200 1826 1289 1870 dies
1313 1825 1462 1883 caedis,
1491 1835 1533 1869 et
1570 1826 1659 1886 ipse
1684 1825 1762 1868 sibi

406 1904 521 1945 visus
548 1913 610 1945 cst
638 1921 712 1964 per
743 1907 929 1964 quietem
962 1905 1181 1949 interdum
1217 1922 1348 1965 supra
1382 1906 1517 1949 nubes
1556 1905 1761 1959 volitare,

407 1982 508 2025 alias
524 2000 620 2026 cum
646 1986 748 2027 Jove
771 1985 963 2028 dextram
985 1986 1180 2045 jungere.
1198 1988 1252 2029 Et
1274 1984 1512 2045 Calpurnia
1533 2001 1641 2028 uxor
1661 1985 1765 2027 ima-

408 2064 550 2121 ginata
585 2071 673 2117 cst,
716 2063 872 2106 collabi
916 2064 1132 2124 fastigium
1169 2064 1346 2118 domus,
1389 2066 1679 2123 maritumque
1720 2064 1764 2106 in

408 2143 569 2200 gremio
595 2158 672 2184 suo
697 2142 868 2185 confodi
891 2159 899 2185 ε
927 2159 974 2186 ae
999 2144 1141 2186 subito
1167 2142 1354 2186 cubiculi
1381 2144 1493 2187 fores
1521 2153 1673 2204 sponte
1696 2160 1767 2203 pa-

410 2230 598 2263 tuerunt.
626 2222 694 2263 Ol)
722 2222 808 2264 lucc
834 2222 959 2265 simul
984 2234 1025 2266 ct
1049 2224 1102 2265 01)
1136 2223 1350 2266 infirmam
1374 2222 1666 2266 valetudinem
1691 2222 1764 2265 diu

408 2309 632 2343 cunctatus
659 2317 712 2343 an
739 2318 779 2343 sc
806 2304 1072 2357 contineret,
1104 2311 1164 2358 et,
1195 2319 1288 2362 quae
1314 2302 1429 2363 apud
1451 2313 1645 2346 senatum
1664 2318 1764 2362 pro-

410 2389 633 2438 posuerat,
661 2396 785 2439 agere
813 2380 1027 2437 differret,
1053 2382 1228 2425 tandem
1255 2385 1307 2426 D.
1332 2385 1467 2425 Bruto
1492 2382 1763 2435 adhortante,

411 2476 461 2500 nc
487 2457 728 2517 frequentes
763 2477 809 2502 ac
844 2461 932 2519 jam
971 2460 1136 2503 dudum
1178 2462 1449 2519 opperientes
1485 2460 1759 2517 destitueret,

411 2538 560 2594 quinta
584 2538 668 2581 fere
695 2539 803 2581 hora
826 2556 1076 2599 progressus
1102 2549 1187 2581 cst:
1207 2538 1485 2599 libellumque
1512 2538 1754 2581 insidiarum

414 2616 615 2670 indicem,
651 2617 703 2659 ab
731 2619 857 2660 obvio
883 2618 1067 2677 quodam
1096 2628 1368 2677 porrectum,
1402 2617 1555 2661 libellis
1587 2617 1753 2673 ceteris,
