1988 3439
587 269 837 307 OCTAVIUS
864 275 1141 310 AUGUSTUS.
1526 279 1546 316 5
1553 281 1572 317 3

192 360 242 395 ut
264 361 363 413 post
388 354 673 414 paucissimas
699 357 839 400 noctis
863 357 992 403 horas
1020 361 1276 407 exturbatus
1303 364 1404 410 inde
1428 368 1570 413 subita

191 431 233 475 vi
263 441 306 477 et
332 434 519 490 incerta,
552 450 675 496 paene
707 437 972 484 semianimis
1009 456 1110 485 cum
1139 452 1276 488 strato
1309 446 1438 491 simul
1471 460 1573 494 ante

190 510 303 557 fores
332 507 618 559 inveniretur.

254 594 352 638 VII.
386 595 551 640 Infanti
574 613 820 659 cognomen
848 602 1046 648 Thurino
1075 605 1268 650 inditum
1293 618 1382 665 est,
1409 609 1453 654 in
1481 628 1571 656 me-

187 674 373 719 moriam
403 676 623 738 majorum
655 680 865 742 originis3
893 682 961 728 vel
991 685 1111 746 quod
1137 688 1318 750 regione
1346 689 1570 749 Thurina,

186 771 337 800 reeens
364 772 415 801 eo
444 768 574 815 nato,
604 770 729 821 pater
755 764 968 809 Octavius
999 765 1208 812 adversus
1239 768 1447 831 fugitivos
1478 789 1571 817 rem

185 852 393 898 prospere
418 849 621 900 gesserat.
644 841 894 888 Thurinum
926 848 1290 907 cognominatum
1323 852 1424 895 satis
1454 863 1571 898 certa

183 916 444 976 probatione
480 920 763 979 tradiderim,
797 935 954 970 nactus
991 928 1207 988 puerilem
1241 931 1569 994 imagunculam

183 996 277 1057 ejus
300 1014 458 1044 aeream
480 1011 693 1060 veterem,
719 1004 869 1050 ferreis
893 1024 943 1052 ac
965 1024 1087 1069 paene
1105 1010 1199 1071 jam
1221 1011 1568 1060 exolescentibus

180 1076 360 1137 litteris,
390 1080 474 1126 hoc
504 1085 683 1130 nomine
710 1086 990 1149 inscriptam;
1020 1107 1116 1151 quae
1147 1091 1264 1137 dono
1294 1110 1319 1138 a
1348 1111 1417 1138 me
1446 1097 1568 1156 prin-

179 1159 265 1220 cipi
293 1159 422 1219 data,
451 1163 564 1208 inter
589 1166 860 1212 cubiculares
894 1168 1069 1215 colitur.
1102 1172 1185 1216 Sed
1213 1183 1257 1217 et
1283 1191 1308 1218 a
1336 1176 1399 1218 M.
1427 1178 1567 1220 Anto-

182 1240 256 1284 nio
284 1242 328 1285 in
357 1242 551 1304 epistolis
577 1262 656 1307 per
679 1247 992 1293 contumeliam
1024 1267 1137 1312 saepe
1162 1253 1385 1299 Thurinus
1413 1255 1567 1316 appel·

179 1319 297 1365 latur
318 1339 327 1365 :
349 1333 390 1367 et
413 1325 505 1384 ipse
529 1326 636 1370 nihil
663 1328 849 1388 amplius
875 1346 1008 1389 quam
1033 1351 1052 1370 α
1065 1333 1214 1377 mirari
1242 1351 1286 1378 se
1298 1355 1317 1376 »
1341 1337 1565 1395 rescribit,

178 1419 294 1462 «pro
318 1404 559 1464 opprobrio
584 1406 664 1449 sibi
691 1410 813 1468 prius
836 1425 997 1454 nomen
1023 1411 1206 1472 objici.»
1234 1416 1392 1459 Postea
1420 1418 1566 1462 Ccesa-

178 1483 262 1537 ris,
296 1492 339 1527 et
368 1483 528 1529 deinde
556 1489 761 1548 Augusti
788 1506 1032 1552 cognomen
1070 1495 1305 1554 assumpsit
1335 1512 1344 1538 :
1375 1494 1561 1541 alterum

176 1573 437 1610 testamento
474 1567 652 1629 majoris
689 1570 924 1626 avunculi3
960 1571 1149 1618 alterum
1183 1576 1377 1619 Munatii
1411 1576 1563 1622 Planci

176 1646 394 1690 sententia
427 1664 436 1691 ε
472 1665 637 1708 quum,
672 1651 935 1711 quibusdam
976 1655 1286 1711 censentibus,
1322 1657 1561 1702 Romulum

176 1724 387 1787 appellari
418 1739 646 1789 oportere,
672 1733 798 1792 quasi
834 1743 878 1777 et
912 1734 1053 1795 ipsum
1088 1735 1362 1780 conditorem
1398 1739 1561 1797 Urbis,

177 1805 496 1866 praevaluisset,
516 1819 565 1854 ut
586 1814 808 1872 Augustus
829 1815 975 1874 potius
996 1826 1250 1874 vocaretur,
1276 1835 1365 1862 non
1389 1829 1561 1864 tantum

176 1901 313 1943 novo,
338 1887 413 1932 sed
429 1890 560 1933 etiam
582 1891 793 1952 ampliore
812 1896 1075 1955 cognomine
1099 1894 1113 1958 [
1131 1897 1250 1957 quod
1273 1897 1366 1943 loca
1387 1916 1563 1960 quoque

176 1965 406 2029 religiosa,
434 1979 475 2014 et
504 1972 549 2014 in
576 1973 735 2032 quibus
763 1986 980 2036 augurato
1007 1977 1113 2037 quid
1143 1990 1451 2038 consecratur,
1482 1999 1562 2026 au-

175 2057 303 2108 gusta
328 2049 557 2108 dicantur,
583 2053 637 2097 ab
664 2065 822 2112 auctu,
848 2056 914 2100 vel
942 2058 995 2100 ab
1020 2059 1167 2102 avium
1195 2069 1321 2120 gestu
1347 2070 1561 2122 gustum,

174 2127 288 2172 sicut
313 2130 445 2175 etiarn
469 2134 640 2178 Ennius
666 2134 817 2192 docet,
844 2137 1037 2182 scribens
1064 2155 1073 2182 :

253 2259 423 2306 Augusto
446 2262 601 2309 augurio
626 2271 824 2313 postquam
847 2266 974 2302 inclita
996 2268 1148 2304 condita
1171 2270 1292 2306 Roma
1316 2270 1402 2320 cst].

238 2375 358 2418 VIII.
376 2375 668 2436 Quadrimus,
688 2391 858 2441 patrem
876 2383 1044 2426 amisit:
1063 2383 1374 2429 duodecimum
1391 2402 1556 2431 annum

174 2469 334 2515 agens,
364 2457 506 2501 aviam
533 2457 692 2503 Juliam
720 2461 971 2506 defunctam
1001 2480 1080 2523 pro
1108 2465 1319 2509 concione
1348 2464 1556 2511 laudavit.

174 2534 479 2591 Quadriennio
511 2550 610 2599 post
644 2541 754 2584 virili
785 2553 885 2603 toga
913 2553 1113 2603 sumpta,
1139 2542 1403 2589 militaribus
1432 2546 1559 2591 donis

174 2616 401 2677 triumpho
430 2614 609 2664 Czesaris
632 2622 840 2668 Africano
865 2623 1052 2667 donatus
1078 2633 1165 2680 cst,
1192 2642 1462 2686 quamquam
1486 2644 1558 2672 ex-

173 2712 271 2757 pers
306 2695 405 2741 belli
438 2710 620 2761 propter
652 2713 833 2748 aetatem.
867 2704 1115 2749 Profectum
1152 2722 1252 2750 mox
1288 2707 1555 2752 avunculum
