1988 3407
203 231 388 246 ἉἉΝὮὮἋἏῈ
393 235 700 252 ΩΜΏἜΊἎἝΣἋΎἏἉΣῚ
706 241 731 252 Q!
735 242 891 255 ἘἎΜΊἋΊ
904 245 961 257 ἉῈΧ
968 246 1023 258 hm!
1030 247 1087 259 Μὶ
1093 248 1150 260 m&
1155 250 1200 261 ιιι
1204 250 1275 263 nux}
1279 252 1337 264 ιιὶ-’ἱ
1341 253 1522 267 §.mxm
1527 255 1586 268 m

852 388 944 441 DE

242 545 843 622 ILLUSTRIBUS
893 556 1539 637 GRAMMATICIS

795 743 970 780 LIBER.

778 911 989 921 ff—-—·————

182 1045 216 1088 I.
253 1005 623 1096 GRAMMATicA
645 1054 797 1099 Romae
817 1073 873 1101 ne
894 1057 937 1102 in
957 1076 1038 1104 usu
1060 1062 1238 1123 quidem
1257 1064 1385 1126 olim,
1412 1070 1575 1117 nedum

182 1127 227 1170 in
257 1127 425 1175 honore
448 1130 539 1176 ullo
557 1144 650 1178 erat
676 1153 685 1179 :
709 1136 808 1181 rudi
833 1138 997 1185 scilicet
1021 1159 1072 1188 ac
1095 1144 1304 1192 bellicosa
1329 1151 1459 1195 etiam
1480 1163 1574 1197 tum

180 1208 378 1266 civitate,
401 1211 590 1258 necdum
612 1232 773 1278 magno
803 1235 933 1280 opere
959 1221 1214 1272 liberalibus
1238 1227 1480 1292 disciplinis
1502 1251 1575 1279 va-

178 1298 318 1334 cante.
349 1293 533 1338 Initium
566 1311 742 1357 quoque
766 1300 859 1360 ejus
881 1302 1102 1349 mediocre
1128 1310 1293 1354 exstitit
1316 1328 1325 1355 :
1355 1313 1570 1373 siquidem

177 1370 473 1430 antiquissimi
504 1373 758 1435 doctorum,
789 1382 864 1440 qui
902 1383 1033 1428 iidem
1065 1397 1107 1430 et
1132 1399 1271 1448 poetae
1307 1402 1349 1436 et
1375 1405 1572 1440 oratores

176 1450 414 1512 semigraeci
434 1465 560 1499 erant
583 1456 786 1518 (Livium
812 1472 854 1506 et
875 1466 1069 1509 Ennium
1091 1467 1189 1513 dico
1213 1487 1223 1514 z
1249 1488 1360 1532 quos
1382 1485 1571 1537 utraque

174 1527 326 1592 lingua
353 1532 472 1578 domi
497 1535 692 1599 forisque
721 1539 944 1600 docuisse,
966 1545 1180 1593 adnotum
1204 1552 1316 1614 est),
1338 1554 1449 1599 nihil
1469 1573 1568 1602 am-

169 1608 286 1671 plius
312 1629 445 1674 quam
477 1633 617 1678 graeca
660 1620 1067 1684 interpretabantur
1096 1647 1105 1672 :
1137 1646 1187 1675 ac
1222 1633 1256 1677 si
1293 1635 1400 1695 quid
1433 1636 1567 1683 latine

168 1691 251 1752 ipsi
283 1699 657 1758 composuissent,
691 1702 997 1765 praelegebant.
1032 1711 1173 1769 Nam,
1210 1715 1330 1774 quod
1363 1718 1565 1764 nonnulli

169 1773 379 1831 tradunt,
405 1776 515 1822 duos
538 1779 672 1825 libros
694 1782 750 1827 de
773 1784 930 1831 litteris
954 1790 1246 1855 syllabisque,
1274 1796 1378 1841 item
1399 1799 1456 1845 de
1478 1818 1565 1846 me-

165 1853 266 1911 tris,
292 1855 346 1900 ab
374 1857 528 1903 eodem
554 1863 698 1906 Ennio
724 1864 892 1922 editos,
915 1869 1016 1929 jure
1041 1876 1186 1934 arguit
1211 1878 1377 1924 Lucius
1407 1883 1560 1936 Cotta,

166 1951 254 1979 non
291 1948 454 1997 poetas,
483 1940 557 1984 sed
589 1946 842 2003 posterioris
873 1951 1004 1994 Ennii
1034 1969 1125 1997 esse
1151 1973 1160 1997 :
1186 1958 1312 2017 cujus
1345 1961 1475 2005 etiam
1505 1964 1560 2009 de

161 2019 429 2078 augurandi
449 2020 690 2085 disciplina
712 2026 939 2074 volumina
966 2032 1184 2079 seruntur.

225 2099 283 2142 ΙΙ.
312 2100 485 2146 Primus
507 2104 656 2165 igitur,
675 2119 891 2167 quantum
914 2113 1164 2173 opinamur,
1191 2119 1385 2165 studium
1410 2141 1555 2184 gram-

160 2179 331 2223 maticae
370 2181 414 2225 in
455 2184 622 2228 Urbem
658 2187 808 2233 intulit
841 2193 992 2238 Crates
1034 2195 1271 2257 Mallotes,
1303 2204 1551 2251 Aristarchi

157 2258 361 2319 aequalis,
392 2264 467 2323 qui
500 2266 656 2311 missus
688 2268 742 2312 ad
772 2283 972 2318 senatum
1011 2276 1065 2320 ab
1099 2279 1251 2325 Attalo
1278 2300 1407 2345 rege,
1437 2288 1551 2332 inter

155 2340 394 2386 secundum
420 2360 470 2388 ac
494 2348 670 2392 tertium
694 2350 857 2396 bellum
884 2357 1118 2416 punicum,
1143 2362 1225 2406 sub
1252 2365 1392 2425 ipsam
1418 2371 1546 2413 Ennii

154 2430 369 2479 mortem,
399 2441 535 2484 quum
560 2431 739 2491 regione
765 2433 943 2492 Palatii,
969 2438 1198 2502 prolapsus
1226 2445 1269 2488 in
1295 2445 1455 2492 cloacae
1480 2449 1546 2494 fo·

152 2518 328 2560 ramen,
359 2523 459 2551 crus
476 2508 679 2571 -fregisset
697 2548 708 2570 ,
737 2531 815 2575 per
836 2533 965 2563 omne
992 2519 1220 2582 legationis
1245 2527 1373 2572 simul
1403 2540 1445 2574 et
1472 2548 1544 2575 va-

152 2581 359 2630 letudinis
388 2597 580 2650 tempus,
607 2591 819 2653 plurimas
840 2595 1061 2657 ἁκροοέσεις
1085 2605 1271 2651 subinde
1298 2608 1421 2668 fecit,
1444 2613 1546 2655 assi-

150 2662 323 2726 dueque
351 2667 575 2727 disseruit,
597 2689 646 2717 ac
666 2679 825 2721 nostris
850 2683 1051 2743 exemplo
1076 2685 1153 2729 suit
1179 2687 1232 2731 ad
1259 2690 1536 2736 imitandum.

331 2761 377 2789 Η.
1326 2771 1353 2811 (i
