1971 3342
377 229 421 270 71.
918 225 957 260 c.
983 224 1215 260 sUE'roNn

375 318 510 364 tuna,
542 316 634 352 toto
669 306 842 369 imperii
872 309 1014 369 spatio
1043 323 1205 351 annum
1238 321 1399 349 novum
1429 305 1752 350 commendanti

374 388 512 432 laetam
539 387 825 449 eamdemque
845 404 1016 448 semper
1036 396 1197 431 sortem
1217 385 1319 429 dare
1339 394 1507 429 assueta
1523 420 1533 439 ‚
1552 394 1752 429 extremo

373 468 666 513 tristissimam
689 467 901 522 reddidit,
926 484 1007 511 nec
1035 468 1126 511 sine
1151 466 1374 528 sanguinis
1398 467 1638 509 mentione.
1664 467 1754 509 Mi·

375 567 573 605 nervam,
596 566 725 610 quam
753 549 1053 610 superstitiose
1077 547 1270 601 colebat,
1292 547 1525 590 somniavit
1549 546 1755 590 excedere

374 631 584 684 sacrario,
611 639 859 691 negantem,
878 629 993 673 ultra
1013 645 1057 673 se
1076 629 1188 672 tueri
1210 645 1309 672 eum
1333 644 1478 688 posse,
1500 627 1618 688 quod
1637 643 1757 671 exar-

376 721 491 755 mata
510 721 620 756 esset
638 728 659 755 a
683 713 802 755 Jove.
825 709 957 755 Nulla
979 719 1122 754 tamen
1143 726 1187 753 re
1207 709 1389 770 perinde
1411 718 1656 753 commotus
1677 717 1756 764 est,

376 808 506 852 quam
524 809 734 853 responso
755 808 946 851 casuque
968 789 1278 834 Ascletarionis
1298 789 1608 833 mathematici.
1629 790 1757 832 Hunc

379 871 600 929 delatum,
641 889 721 916 nec
761 872 1018 916 infitiantem
1051 872 1233 932 jactasse
1266 887 1335 927 se,
1370 886 1466 930 quae
1496 869 1760 931 providisset

374 969 423 996 cx
461 963 580 1010 arte,
611 953 856 997 sciscitatus
881 962 964 1008 est,
989 952 1088 1012 quis
1115 952 1258 1011 ipsum
1291 960 1484 994 maneret
1508 952 1649 993 exitus
1679 967 1687 993 :
1718 959 1761 993 et

376 1033 690 1089 affirmantem,
727 1052 746 1074 <t
775 1032 892 1085 fore,
925 1042 974 1075 ut
1013 1032 1135 1076 brevi
1165 1031 1433 1075 laceraretur
1461 1047 1484 1074 a
1514 1031 1717 1086 canibus,
1740 1052 1760 1072 »

378 1113 562 1157 interfici
593 1113 770 1174 quidem
806 1113 898 1156 sine
924 1129 1067 1170 niora3
1093 1112 1167 1156 sed
1192 1112 1243 1155 ad
1273 1110 1593 1172 coarguendam
1625 1121 1760 1154 teme-

375 1196 548 1239 ritatem
578 1195 707 1251 artis,
744 1192 918 1255 sepeliri
953 1210 1128 1254 quoque
1163 1193 1489 1236 accuratissime
1515 1192 1759 1252 imperavit.

373 1275 505 1333 Quod
534 1291 671 1336 quum
698 1274 842 1330 fieret,
864 1275 1031 1328 evenit,
1058 1284 1127 1330 ut,
1154 1274 1382 1335 repentina
1412 1282 1670 1334 tempestate
1693 1271 1763 1315 de-

369 1357 487 1416 jecto
508 1355 663 1400 funere
679 1390 690 1410 ‚
717 1356 973 1400 semiustum
997 1354 1183 1398 cadaver
1206 1354 1506 1414 discerperent
1526 1369 1674 1408 canes,
1696 1352 1761 1396 id-

375 1453 460 1496 que
481 1436 519 1480 ei
544 1436 733 1480 coenanti
758 1453 779 1479 a
807 1436 940 1479 mimo
965 1436 1147 1491 Latino,
1165 1435 1237 1495 qui
1262 1435 1511 1495 praeteriens
1535 1433 1647 1477 forte
1668 1434 1762 1477 ani—

375 1516 696 1571 madverterat,
725 1517 840 1559 inter
866 1526 1032 1560 ceteras
1060 1515 1144 1559 diei
1171 1514 1338 1558 fabulas
1366 1514 1618 1558 referretur.

439 1598 560 1640 XVI.
584 1596 732 1640 Pridie
755 1612 886 1656 quam
913 1597 1096 1656 periret,
1122 1612 1260 1655 quum
1285 1594 1454 1638 oblatos
1479 1595 1651 1638 tuberes
1673 1611 1761 1639 ser-

377 1677 468 1719 vari
485 1676 682 1737 jussisset
711 1676 754 1719 in
784 1677 1048 1732 crastinum,
1083 1675 1261 1736 adjecit,
1289 1695 1309 1716 «
1326 1676 1359 1718 si
1382 1675 1513 1718 modo
1538 1676 1601 1719 uti
1626 1674 1761 1719 licue-

375 1758 430 1801 rit
458 1775 467 1801 :
497 1778 517 1799 »
542 1768 583 1801 et
620 1774 859 1802 conversus
892 1758 947 1802 ad
984 1758 1207 1819 proximos
1233 1757 1493 1809 affimiiavit,
1523 1776 1543 1798 «
1569 1757 1681 1813 fore,
1714 1767 1763 1800 ut

375 1839 572 1898 sequenti
609 1837 679 1881 die
704 1837 807 1882 luna
834 1854 880 1882 se
915 1838 959 1881 in
987 1838 1180 1898 Aquario
1208 1847 1485 1893 cruentaret,
1510 1837 1763 1898 factumque

374 1918 552 1979 aliquod
578 1919 827 1973 exsisteret,
854 1919 907 1962 de
932 1936 1020 1979 quo
1046 1917 1329 1979 loquerentur
1358 1918 1557 1962 homines
1579 1934 1656 1979 per
1676 1927 1764 1962 ter-

376 2017 523 2044 rarum
543 2000 708 2044 orbem.
730 2020 751 2042 ))
777 1999 843 2044 Ad
866 1999 1051 2044 mediam
1079 2010 1251 2044 noctem
1277 2000 1334 2042 ita
1354 2009 1419 2043 est
1434 2000 1688 2056 exterritus,
1715 2009 1764 2043 ut

375 2098 427 2123 cx
455 2090 591 2124 strato
626 2079 861 2142 prosiliret.
887 2080 1061 2125 Dehinc
1090 2096 1217 2123 manc
1243 2079 1548 2139 haruspicem,
1574 2096 1626 2122 ex
1655 2080 1765 2123 Ger-

378 2161 521 2204 mania
544 2161 745 2216 missum‚
767 2161 841 2220 qui
863 2159 1091 2204 consultus
1115 2159 1167 2203 de
1187 2159 1360 2220 fulgure
1382 2160 1669 2204 mutationem
1697 2176 1763 2202 re-

380 2258 477 2285 rum
507 2241 791 2302 praedixerat,
814 2240 953 2284 audiit
977 2241 1387 2300 condemnavitque.
1419 2242 1481 2283 Ac
1506 2239 1611 2283 dum
1639 2238 1762 2283 exul-

375 2332 564 2366 ceratam
592 2323 636 2365 in
673 2321 815 2365 fronte
852 2338 1081 2365 verrucam
1120 2321 1420 2365 vehementius
1455 2319 1631 2382 scalpit,
1660 2336 1762 2380 pro-

377 2404 536 2447 {luente
558 2403 790 2464 sanguine,
812 2423 832 2444 α
856 2403 1061 2457 Utinam,
1083 2424 1101 2443 »
1124 2403 1287 2462 inquit,
1312 2422 1334 2443 «
1356 2399 1585 2446 hactenus!
1600 2422 1620 2442 n
1639 2403 1763 2445 Tunc

377 2485 505 2528 lioras
533 2484 801 2544 requirenti,
830 2500 908 2544 pro
932 2484 1106 2543 quinta,
1137 2500 1267 2543 quam
1299 2483 1547 2537 metuebat,
1571 2490 1687 2526 sexta
1712 2497 1761 2525 ex

379 2564 591 2608 industria
622 2565 837 2608 nunciata
870 2574 946 2608 est.
980 2565 1076 2619 His,
1115 2563 1233 2607 velut
1275 2573 1492 2607 transacto
1518 2564 1607 2623 jam
1644 2562 1759 2622 peri—

378 2644 502 2701 vulo,
537 2645 708 2702 laetum,
748 2645 1111 2705 festinantemque
1139 2645 1191 2688 ad
1221 2646 1417 2706 corporis
1448 2661 1622 2699 curam,
1653 2645 1756 2686 Par-
