1971 3342
429 237 477 285 98
956 238 993 272 C.
1022 239 1249 275 SUETONII

426 328 556 379 atque
582 317 664 362 alia
691 319 734 362 id
763 336 922 381 genus,
953 320 1088 365 titulis
1117 323 1308 366 obscuris
1336 331 1378 365 et
1405 322 1628 383 ambiguis.
1661 323 1778 367 Sole-

426 398 498 441 bat
528 407 570 441 et
595 398 1022 459 inaequalissimarum
1049 417 1192 444 rerum
1217 411 1375 456 sortes,
1401 410 1443 444 et
1468 417 1634 445 aversas
1657 403 1777 446 tabu-

424 475 564 521 larum
596 479 786 538 picturas
818 480 862 521 in
897 479 1096 522 convivio
1127 480 1370 537 venditare,
1401 481 1648 539 incertoque
1680 497 1780 524 casu

423 573 542 617 spem
568 558 849 601 mercantium
882 557 947 600 vel
977 557 1198 613 frustrari,
1225 559 1291 602 vel
1323 559 1516 620 explere3
1546 560 1604 602 ita
1627 568 1675 602 ut
1703 576 1780 620 per

423 635 615 697 singulos
637 635 769 680 lectos
791 635 968 680 licitatio
990 636 1128 694 fieret,
1151 646 1193 681 et
1213 654 1285 681 seu
1304 638 1490 698 jactura,
1515 654 1589 682 seu
1612 637 1779 682 lucrum

422 716 830 759 communicaretur.

484 796 686 839 LXXV1.
724 795 820 839 Cibi
841 795 967 856 (nam
986 812 1038 839 ne
1054 796 1142 839 haec
1159 795 1332 856 quidem
1351 797 1593 858 omiserim)
1613 798 1781 842 minimi

420 883 533 929 erat,
562 884 691 934 atque
716 873 906 935 vulgaris
932 875 1031 919 fere.
1060 875 1372 919 Secundarium
1397 892 1573 936 panem,
1599 886 1638 919 et
1660 878 1784 936 pisci-

419 952 538 997 culos
568 954 784 1009 minutos,
811 964 854 997 et
885 970 1055 997 caseum
1087 954 1300 998 bubulum
1333 971 1464 998 manu
1493 971 1710 1015 pressum,
1742 965 1783 998 et

419 1033 522 1077 ficos
558 1033 717 1077 virides
749 1034 905 1077 biferas
939 1036 1123 1078 maxime
1152 1036 1380 1095 appetebat
1409 1052 1418 1077 :
1446 1036 1783 1095 vescebaturque

417 1122 460 1155 et
483 1123 583 1156 ante
609 1129 775 1157 coenam
800 1130 1062 1174 quocunque
1090 1125 1283 1174 tempore
1310 1124 1351 1157 et
1378 1114 1492 1170 loco,
1519 1130 1605 1173 quo
1628 1123 1784 1157 stoma-

419 1192 526 1235 chus
553 1191 848 1236 desiderasset.
875 1194 1022 1236 Verba
1047 1193 1180 1253 ipsius
1205 1208 1255 1236 ex
1279 1191 1469 1252 epistolis
1494 1203 1596 1236 sunt
1620 1209 1630 1236 ε
1658 1212 1678 1233 (ι
1691 1194 1784 1237 Nos

418 1273 462 1314 in
489 1271 637 1315 essedo
664 1289 821 1332 panem
850 1282 894 1316 et
922 1271 1133 1333 palmulas
1159 1273 1476 1333 gustavimus.»
1503 1275 1560 1316 Et
1588 1272 1743 1315 iterum
1772 1289 1782 1315 z

419 1371 439 1391 «
454 1354 572 1396 Dum
594 1351 743 1394 lectica
763 1368 815 1394 ex
838 1352 955 1411 regia
978 1351 1155 1394 domum
1180 1351 1329 1407 redeo,
1349 1352 1472 1412 panis
1493 1351 1666 1394 unciam
1684 1367 1783 1394 cum

416 1432 564 1492 paucis
597 1432 731 1474 acinis
766 1447 859 1474 uvoe
887 1430 1105 1474 duracinae
1135 1430 1352 1474 comedi.»
1381 1433 1436 1474 Et
1465 1447 1613 1474 rursus
1642 1447 1652 1473 ε
1683 1432 1784 1473 «Ne

415 1510 589 1554 Judaeus
613 1510 810 1569 quidem,
837 1510 894 1552 mi
916 1510 1084 1566 Tiberi,
1106 1520 1195 1552 tam
1220 1508 1448 1570 diligenter
1470 1510 1655 1553 sabbatis
1674 1510 1785 1568 jeju-

417 1591 539 1634 nium
574 1600 739 1647 servat,
772 1607 901 1650 quam
937 1606 1016 1650 ego
1050 1589 1178 1633 hodie
1208 1590 1397 1645 servavi,
1431 1591 1505 1648 qui
1539 1589 1581 1631 in
1613 1588 1783 1631 balineo

418 1670 592 1713 demum
615 1679 713 1730 post
734 1670 887 1712 horam
912 1670 1096 1729 primam
1118 1669 1256 1712 noctis
1270 1668 1375 1712 duas
1395 1669 1577 1711 bucceas
1597 1667 1784 1710 mandu-

417 1750 536 1806 cavi,
564 1750 816 1810 priusquam
836 1749 941 1809 ungi
968 1749 1246 1808 inciperem.»
1270 1750 1336 1791 Ex
1361 1748 1441 1791 hae
1467 1746 1785 1790 inobservantia

418 1844 750 1888 nonnunquam,
778 1827 840 1871 vel
864 1837 963 1870 ante
986 1828 1161 1883 initum,
1185 1826 1250 1870 vel
1271 1837 1370 1888 post
1390 1826 1614 1869 dimissum
1639 1827 1785 1870 convi-

417 1911 536 1954 vium
550 1909 664 1953 solus
681 1909 933 1964 coenitabat,
949 1924 1084 1967 quum
1099 1905 1228 1967 pleno
1240 1907 1439 1950 convivio
1451 1906 1557 1950 nihil
1572 1914 1781 1966 tangeret.

481 1991 706 2033 LXXVII.
744 1989 848 2032 Vini
875 2004 1048 2047 quoque
1072 1997 1226 2029 natura
1254 1986 1526 2045 parcissimus
1552 1995 1656 2029 erat.
1680 1987 1783 2029 Non

417 2067 604 2128 amplius
630 2077 694 2110 ter
720 2067 867 2109 bibere
893 2082 991 2109 eum
1017 2064 1192 2108 solitum
1215 2081 1346 2125 super
1371 2081 1534 2107 coenam
1566 2065 1608 2107 in
1635 2065 1784 2107 castris

417 2147 533 2207 apud
556 2146 794 2201 Mutinam,
821 2143 1047 2189 Cornelius
1070 2146 1216 2204 Nepos
1241 2143 1387 2187 tradit.
1414 2146 1589 2200 Postea,
1615 2144 1783 2204 quoties

418 2226 655 2286 largissime
694 2241 737 2268 se
775 2225 1003 2279 invitaret,
1043 2240 1166 2267 senos
1204 2232 1418 2267 sextantes
1454 2239 1543 2266 non
1577 2223 1782 2280 excessit,

418 2313 514 2362 aut,
545 2306 579 2347 si
606 2305 875 2360 excessisset,
902 2303 1135 2363 rejiciebat.
1165 2306 1219 2347 Et
1248 2304 1432 2347 maxime
1462 2301 1695 2346 delectatus
1720 2312 1783 2345 est

418 2386 604 2438 Raetico,
630 2401 767 2444 neque
794 2394 953 2427 temere
978 2383 1169 2427 interdiu
1192 2384 1313 2427 bibit.
1337 2386 1422 2427 Pro
1444 2391 1621 2443 potione
1642 2397 1782 2425 sume-

418 2466 491 2509 bat
515 2463 737 2526 perfusum
768 2481 882 2524 aqua
912 2463 1068 2524 frigida
1094 2479 1271 2522 panem,
1298 2473 1373 2506 aut
1403 2462 1642 2506 cucumeris
1667 2460 1780 2504 frus·

419 2555 533 2602 tum,
562 2544 629 2588 vel
660 2543 886 2587 lactuculae
913 2543 1132 2602 thyrsum,
1160 2552 1235 2585 aut
1267 2558 1415 2586 recens
1445 2541 1670 2585 aeidumve
1701 2556 1780 2601 po-

420 2641 538 2667 mum
564 2625 681 2667 succi
709 2623 947 2666 vinosioris.
