1971 3342
398 216 410 240 1
420 211 466 247 ol}
913 206 950 239 C.
981 205 1208 241 SUETONII

453 290 717 333 LXXXVII.
755 289 1024 346 Quotidiano
1046 305 1243 332 sermone
1267 287 1462 348 quaedam
1485 285 1751 346 frequentius

392 378 434 411 et
458 367 704 412 notabiliter
730 385 959 430 usurpasse
985 385 1106 424 euin,
1135 368 1286 412 litterae
1316 368 1450 428 ipsius
1473 365 1753 430 autographae

390 457 623 491 ostentant.
646 450 695 491 In
721 448 878 508 quibus
904 447 1157 504 identidem,
1181 465 1316 508 quum
1338 447 1504 507 aliquos
1530 461 1754 505 nunquam

391 526 609 571 soluturos
641 528 881 588 significare
907 526 1026 581 vult,
1058 527 1157 572 «Ad
1180 526 1399 571 Kalendas
1434 529 1606 571 Graecas
1637 524 1754 569 solu—

391 617 545 650 turos»
577 608 662 663 ait3
699 617 741 650 et
775 623 909 667 quum
939 606 1165 664 hortatur,
1197 607 1371 651 ferenda
1406 623 1496 651 esse
1530 606 1755 667 praesentia

389 685 707 746 qualiacunque
732 686 837 742 sint,
862 687 1107 730 «Contenti
1132 687 1262 730 simus
1286 687 1369 730 hoc
1393 689 1578 742 Catone;
1593 705 1614 726 »
1636 694 1677 728 et
1701 684 1755 728 ad

391 765 714 825 exprimendam
734 765 943 809 festinatae
963 766 1022 809 rei
1045 765 1338 821 velocitatem,
1359 765 1604 822 «Celerius,
1624 781 1755 825 quam

391 845 586 905 asparagi
613 855 907 904 coquuntur.»
934 846 1063 889 Ponit
1088 845 1258 889 assidue
1280 855 1321 888 et
1345 862 1425 906 pro
1449 844 1581 889 stulto
1607 844 1757 889 baceo-

390 923 477 967 lum
492 941 508 977 ,·
534 933 576 966 et
604 941 681 983 pro
711 924 850 984 pullo,
872 925 1194 986 pulleiacelmz;
1219 935 1261 968 et
1288 942 1367 986 pro
1396 926 1577 981 cerrito,
1605 940 1757 968 vacer-

391 1019 566 1057 roszcm5
591 1013 634 1046 et
658 1004 816 1065 ‘vapicle
841 1021 886 1048 se
910 1004 1089 1059 habere,
1114 1022 1194 1066 pro
1219 1004 1348 1059 male3
1372 1016 1415 1048 et
1441 1004 1649 1058 betchar-e,
1676 1021 1757 1064 pro

392 1081 620 1142 languere,
646 1083 764 1142 quod
793 1084 922 1144 vulgo
949 1084 1234 1128 laclzanizare
1259 1085 1442 1139 dicitur;
1466 1085 1567 1127 item
1594 1085 1755 1137 simus,

391 1179 469 1222 pro
499 1179 675 1215 sumus;
705 1172 748 1205 et
777 1163 931 1206 domos
960 1165 1151 1223 genitivo
1184 1180 1285 1206 casu
1315 1162 1546 1224 singulari,
1574 1179 1654 1223 pro
1682 1163 1759 1207 clo-

391 1259 517 1296 mas5
553 1259 630 1285 nec
666 1259 858 1302 unquam
896 1242 1022 1286 aliter
1057 1243 1149 1287 haec
1183 1244 1298 1300 duo,
1336 1260 1390 1286 ne
1425 1244 1522 1304 quis
1558 1243 1756 1287 mendam

393 1323 527 1382 magis
566 1339 698 1381 quam
737 1322 1097 1366 consuetudinem
1136 1332 1271 1383 putet.
1309 1324 1468 1368 Notavi
1506 1333 1548 1366 et
1584 1324 1628 1366 in
1667 1323 1758 1366 chi-

394 1402 611 1462 rographo
645 1402 737 1461 ejus
772 1401 843 1445 illa
876 1403 1092 1462 praecipue
1132 1420 1141 1445 ι
1178 1419 1265 1446 non
1300 1402 1453 1445 dividit
1486 1403 1643 1459 verba,
1678 1419 1759 1445 nec

394 1482 447 1524 ab
478 1491 669 1525 extrema
700 1492 822 1541 parte
855 1499 1059 1526 versuum
1092 1482 1359 1526 abundantes
1385 1483 1547 1526 litteras
1583 1484 1626 1526 in
1651 1482 1759 1526 alte-

394 1578 493 1605 rum
533 1561 759 1617 transfert,
801 1562 874 1605 sed
912 1562 1071 1606 ibidem
1112 1563 1257 1606 statim
1297 1563 1469 1623 subjicit
1508 1563 1759 1607 circumdu-

395 1643 552 1702 citque.

458 1725 745 1769 LXXXVIII.
783 1726 1178 1786 Orthographiam,
1208 1726 1251 1769 id
1277 1737 1340 1770 est
1368 1725 1600 1770 formulam
1629 1727 1760 1769 ratio·
1795 1746 1798 1749 ·

396 1820 580 1864 nemque
612 1805 825 1848 scribendi
854 1822 878 1848 a
908 1807 1200 1866 grammaticis
1233 1807 1500 1862 institutam,
1531 1823 1618 1850 non
1651 1805 1758 1849 adeo

395 1885 619 1940 custodiit3
643 1902 691 1928 ac
713 1885 885 1929 videtur
906 1902 1056 1929 eorum
1081 1888 1225 1946 potius
1249 1887 1369 1946 sequi
1391 1887 1662 1946 opinionem,
1686 1887 1759 1945 qui

395 1964 574 2024 perinde
591 1965 886 2023 scribendum,
906 1983 954 2010 ac
970 1965 1219 2025 loquamur,
1238 1967 1492 2009 existiment.
1510 1967 1624 2011 Nam
1641 1967 1760 2026 quod

395 2061 505 2104 saepe
528 2062 615 2087 non
640 2044 804 2088 litteras
823 2044 972 2101 modo,
999 2045 1072 2088 sed
1094 2044 1298 2104 syllabas,
1325 2055 1398 2088 aut
1425 2056 1664 2105 permutat,
1685 2056 1760 2089 aut

396 2124 605 2182 praeterit,
629 2124 871 2167 communis
890 2124 1117 2167 hominum
1136 2141 1258 2168 error
1275 2135 1350 2168 est.
1373 2125 1463 2168 Nec
1481 2141 1560 2186 ego
1580 2124 1622 2168 id
1640 2135 1761 2169 nota-

396 2219 512 2257 rem,
541 2203 621 2245 nisi
650 2203 754 2245 mihi
780 2204 940 2246 mirum
968 2204 1208 2260 videretur,
1240 2205 1463 2249 tradidisse
1486 2205 1675 2265 aliquos,
1701 2205 1759 2249 le—

397 2292 497 2342 gato
526 2298 625 2325 eum
653 2283 870 2326 consulari
897 2300 1185 2328 successorem
1213 2284 1400 2342 dedisse,
1428 2295 1476 2329 ut
1502 2285 1600 2329 rudi
1630 2295 1672 2329 et
1695 2287 1759 2329 in-

397 2360 544 2413 docto,
565 2361 688 2421 cujus
712 2380 841 2406 manu
867 2366 935 2407 ixi
954 2380 1034 2424 pro
1057 2364 1144 2426 ψεῖ
1163 2365 1372 2424 scriptum
1395 2365 1756 2408 animadverterit.

396 2442 579 2498 Quoties
608 2452 752 2485 autem
785 2460 862 2503 per
887 2453 1010 2486 notas
1036 2444 1210 2498 scribit,
1242 2442 1266 2485 l)
1292 2461 1371 2503 pro
1398 2461 1452 2498 a,
1479 2461 1503 2488 c
1529 2461 1608 2504 pro
1632 2443 1680 2498 b,
1707 2460 1756 2486 ac

398 2520 598 2581 deinceps
623 2522 770 2566 eadem
798 2525 984 2578 ratione,
1015 2533 1240 2581 sequentes
1266 2523 1428 2567 litteras
1453 2524 1592 2583 ponit:
1621 2540 1699 2583 pro
1723 2539 1757 2567 1:

398 2609 539 2641 autem
565 2601 719 2659 duplex
747 2618 787 2644 (ι.
826 2647 829 2650 ,
