1971 3342
365 241 386 273 25
912 235 950 270 C.
983 235 1219 272 SUETONII

366 324 613 386 provincias
644 321 784 366 edicta
819 319 1012 377 dimisit,
1049 328 1203 363 auctor
1233 317 1415 380 singulis
1450 319 1751 379 universisque

367 402 648 466 conspirandi
688 399 844 458 simul,
879 410 922 444 et
955 409 1032 457 ut,
1064 416 1150 460 qua
1187 409 1333 460 posset
1367 399 1551 460 quisque
1589 415 1750 461 opera,

364 500 642 530 communem
674 497 849 526 causam
878 481 1102 540 juvarent.
1129 481 1212 523 Per
1238 479 1355 523 idem
1384 479 1474 524 fere
1505 489 1676 541 tempus
1707 481 1752 523 in

365 565 613 610 munitione
637 561 808 625 oppidi,
828 560 948 621 quod
971 559 1116 604 sedem
1140 559 1256 604 bello
1281 559 1525 621 delegerat,
1550 570 1752 621 repertus

366 656 430 691 est
458 643 647 689 annulus
670 659 802 704 opere
824 642 1027 702 antiquo,
1054 640 1277 701 sculptura
1304 657 1482 702 gemmae
1507 642 1752 686 Victoriam

366 743 468 771 cum
498 735 662 786 tropaeo
692 723 978 784 exprimente.
1007 724 1070 766 Ac
1094 721 1279 765 subinde
1312 720 1597 765 alexandrina
1629 722 1754 765 navis

367 809 602 851 Dertosam
620 802 793 865 appulit
808 838 820 859 ,
845 803 977 846 armis
1000 806 1180 857 onusta,
1198 802 1291 845 sine
1314 802 1610 862 gubernatore
1625 836 1637 859 ,
1662 803 1755 846 sine

366 896 503 931 nauta
529 901 579 929 ac
608 893 783 927 vectore
810 881 928 926 ullo:
952 891 1000 926 ut
1022 882 1186 925 nemini
1212 881 1397 925 dubium
1423 891 1559 935 esset,
1583 882 1753 942 justum

366 968 604 1029 piumque,
631 974 673 1008 et
704 964 952 1007 faventibus
986 961 1094 1018 diis,
1119 961 1281 1005 bellum
1311 962 1497 1022 suscipi;
1522 978 1659 1022 quum
1690 978 1755 1005 re-

368 1058 497 1110 pente
523 1063 574 1091 ex
600 1046 832 1106 inopinato
860 1060 998 1105 prope
1034 1053 1193 1087 cuncta
1223 1043 1397 1087 turbata
1429 1052 1545 1086 sunt.
1573 1042 1757 1088 Alarum

368 1127 505 1172 altera
542 1126 695 1170 castris
732 1124 1182 1185 appropinquantem,
1214 1125 1469 1183 poenitentia
1498 1124 1656 1167 mutati
1690 1141 1759 1168 sa·-

368 1207 605 1262 cramenti,
634 1205 872 1249 destituere
898 1213 1054 1248 conata
1080 1213 1169 1260 est,
1193 1219 1393 1264 aegreque
1420 1213 1589 1248 retenta
1616 1205 1661 1248 in
1693 1204 1759 1248 of-

368 1288 467 1333 ficio
513 1305 522 1330 :
564 1296 607 1330 et
651 1285 788 1338 servi,
829 1300 964 1344 quos,
1002 1300 1026 1327 a
1064 1282 1222 1327 liberto
1255 1284 1444 1328 Neronis
1472 1284 1528 1327 ad
1560 1284 1757 1328 fraudem

368 1376 659 1430 praeparatOS,
688 1365 860 1409 muneri
886 1374 1138 1423 acceperat,
1166 1381 1245 1425 per
1272 1365 1556 1426 angiportum
1581 1366 1625 1408 in
1652 1364 1761 1409 bali-

370 1466 472 1493 neas
507 1455 808 1492 transeuntem
842 1462 963 1505 paene
997 1445 1343 1500 interemerunt,
1372 1446 1454 1488 nisi
1488 1445 1760 1489 cohortanti-

369 1531 451 1574 bus
472 1530 658 1572 invicem
671 1562 680 1582 ,
701 1543 756 1569 ne
777 1528 1051 1570 occasionem
1077 1526 1349 1579 omitterent,
1369 1526 1760 1587 interrogatisque,

371 1610 423 1653 de
451 1626 537 1670 qua
559 1608 787 1652 occasione
807 1605 1110 1666 loquerentur,
1137 1622 1339 1667 expressa
1367 1606 1566 1650 cruciatu
1594 1607 1762 1651 confes-

368 1692 432 1733 sio
453 1700 577 1733 esset.

437 1773 516 1814 XI.
549 1772 742 1813 Accessit
766 1768 821 1812 ad
846 1778 966 1811 tanta
996 1767 1248 1811 discrimina
1279 1784 1398 1811 mors
1426 1766 1651 1824 Vindicis,
1677 1785 1763 1829 qua

373 1852 560 1895 maxime
582 1858 907 1905 consternatus,
933 1848 1231 1908 destitutoque
1253 1847 1405 1892 similis
1421 1883 1431 1903 ,
1462 1865 1550 1892 non
1572 1848 1763 1893 multum

374 1932 542 1987 abfuit,
570 1931 676 1991 quin
705 1931 802 1973 vitae
827 1930 1119 1973 renunciaret.
1151 1929 1235 1973 Sed
1266 1930 1677 1989 supervenientibus
1710 1930 1764 1974 ab

372 2015 495 2059 Urbe
544 2013 742 2068 nunciis,
787 2022 834 2055 ut
874 2013 1067 2055 occisum
1112 2012 1335 2055 Neronem
1353 2045 1364 2064 ,
1405 2021 1674 2071 cunctosque
1720 2012 1763 2055 in

373 2095 504 2138 verba
539 2110 614 2136 sua
647 2094 845 2153 jurasse,
880 2091 1117 2152 cognovit3
1152 2090 1347 2150 deposita
1379 2089 1537 2152 legati,
1574 2094 1765 2153 suscepit

373 2175 555 2218 Caesaris
573 2171 911 2232 appellationem
936 2189 944 2214 z
968 2173 1139 2231 iterque
1165 2172 1385 2231 ingressus
1411 2181 1472 2215 est
1500 2170 1738 2232 paludatus
1754 2207 1764 2227 ,

376 2273 424 2298 ac
454 2254 726 2315 dependente
761 2270 784 2296 a
821 2252 1065 2296 cervicibus
1097 2253 1288 2313 pugione
1326 2261 1428 2296 ante
1464 2263 1642 2313 pectus;
1685 2270 1765 2296 nec

378 2338 498 2397 prius
529 2352 655 2378 usum
684 2345 792 2394 togae
816 2333 1122 2394 recuperavit,
1149 2349 1281 2393 quam
1309 2334 1551 2394 oppressis,
1584 2334 1658 2393 qui
1687 2350 1764 2376 no-

377 2433 452 2459 vas
483 2432 550 2459 res
578 2414 888 2470 moliebantur,
924 2414 1126 2474 praefecto
1156 2414 1345 2473 praetorii
1381 2413 1653 2475 Nymphidio
1689 2415 1765 2456 Sa-

379 2498 483 2541 bino
499 2532 510 2551 ,
530 2499 705 2552 R0mae;
727 2497 769 2538 in
791 2495 1054 2547 Germania,
1075 2493 1254 2536 Fonteio
1274 2495 1518 2555 Capitone3
1539 2495 1581 2537 in
1598 2493 1764 2549 Africa,

379 2577 536 2620 Clodio
558 2579 736 2631 Macro,
764 2575 926 2636 legatis.

448 2660 548 2700 ΧΠ.
582 2660 853 2700 Praecesserat
880 2656 931 2699 dc
950 2673 999 2700 eo
1022 2655 1133 2699 fama
1161 2658 1332 2700 srcvitiae
1357 2654 1485 2699 simul
1514 2664 1644 2714 atque
1670 2670 1767 2697 ava-
