1971 3342
335 260 405 283 1oo
878 240 915 275 C.
943 237 1179 276 SUETONII

329 329 610 384 concessisti,
635 336 680 370 ut
697 363 708 383 ,
733 327 776 369 in
799 342 928 386 quem
953 322 1103 374 vellet,
1129 321 1292 364 diceret
1317 336 1324 361 :
1350 316 1513 361 salsum
1539 316 1718 360 omnino

329 407 582 455 hominem!
619 408 690 452 sed
722 407 907 451 materia
945 403 1103 457 facilis,
1134 404 1175 445 in
1206 411 1247 444 te
1281 410 1322 443 et
1355 399 1397 441 in
1433 408 1533 441 tuos
1562 396 1719 440 dicere.

331 496 390 537 At
417 501 583 552 quanta
604 505 771 533 merces
797 486 961 530 rhetori
987 494 1052 528 est
1081 480 1212 526 data?
1238 480 1424 534 Audite,
1452 476 1625 530 audite,
1645 494 1722 538 pa-

333 585 420 617 tres
458 571 722 631 conscripti,
754 579 796 612 et
830 566 1083 628 cognoscite
1112 561 1365 623 reipublicae
1394 558 1592 603 vulnera.
1618 559 1724 602 Duo

332 653 470 698 millia
495 654 701 714 jugerum
725 650 868 710 campi
897 646 1079 690 leontini
1116 646 1249 688 Sexto
1276 641 1433 686 Clodio
1467 640 1635 684 rhetori
1661 655 1726 682 as-

332 735 543 797 signasti,
582 743 624 776 et
653 730 828 792 quidem
870 727 1082 772 immunia
1118 743 1126 768 :
1156 735 1205 768 ut
1241 733 1363 768 tanta
1391 719 1589 766 mercede
1616 718 1726 763 nihil

333 833 483 877 sapere
511 815 711 858 disceres.
733 833 752 854 »

398 899 475 940 VI.
502 898 551 940 C.
578 893 785 939 Albutius
807 891 947 946 Silus,
973 889 1270 943 Novariensis,
1293 903 1430 947 quum
1455 883 1661 929 aedilitate
1682 883 1724 926 in

337 979 476 1039 patria
498 976 773 1037 fungeretur,
799 989 936 1033 quum
966 971 1077 1015 forte
1093 971 1165 1030 jus
1189 968 1372 1024 (liceret,
1396 967 1448 1011 ab
1479 967 1549 1023 iis,
1573 974 1727 1009 contra

335 1075 447 1119 quos
483 1055 833 1118 pronunciabat,
864 1052 1075 1114 pedibus,
1111 1067 1133 1094 e
1159 1046 1370 1093 tribunali
1398 1046 1622 1090 detractus
1649 1053 1725 1087 est.

335 1137 472 1195 Quod
507 1136 685 1198 indigne
721 1135 893 1190 ferens,
932 1134 1078 1177 statim
1108 1128 1337 1174 contendit
1370 1126 1426 1170 ad
1453 1136 1654 1186 portam,
1674 1128 1731 1167 'et

336 1219 437 1263 inde
466 1221 655 1262 Romam
681 1233 688 1259 :
718 1224 1008 1277 receptusque
1035 1213 1077 1255 in
1104 1211 1253 1255 Planci
1278 1207 1466 1252 oratoris
1495 1205 1731 1250 contuber-

338 1301 484 1355 nium,
509 1298 579 1342 cui
605 1295 907 1341 declamaturo
928 1310 1021 1337 mos
1042 1302 1134 1336 erat
1153 1291 1275 1352 prius
1299 1288 1511 1350 aliquem,
1531 1287 1606 1347 qui
1631 1295 1733 1329 ante

338 1381 527 1436 diceret,
555 1379 763 1432 excitare,
789 1375 979 1435 suscepit
999 1391 1070 1417 eas
1092 1381 1259 1434 partes,
1279 1380 1412 1430 atque
1434 1370 1493 1412 ita
1515 1366 1732 1428 implevit,

340 1474 386 1507 ut
402 1462 565 1507 Planco
588 1459 811 1505 silentium
833 1459 1104 1518 imponeret,
1126 1470 1215 1498 non
1235 1451 1414 1496 audenti
1437 1452 1481 1494 in
1505 1465 1733 1510 compara-

340 1545 508 1588 tionem
530 1558 573 1586 se
595 1541 838 1584 demittere.
866 1537 951 1582 Sed
968 1554 1019 1580 ex
1043 1553 1094 1579 eo
1119 1534 1288 1589 clarus,
1314 1532 1492 1594 propria
1513 1528 1733 1574 auditoria

339 1625 551 1680 instituit,
574 1621 726 1666 solitus
752 1619 980 1681 proposita
1000 1616 1301 1661 controversia
1333 1613 1489 1658 sedens
1514 1612 1732 1672 incipere,

341 1716 383 1750 et
408 1703 553 1749 calore
581 1702 757 1746 demum
784 1708 1020 1761 provectus
1041 1712 1308 1756 consurgere
1327 1712 1376 1738 ac
1401 1709 1622 1755 perorare.
1647 1694 1736 1736 De-

341 1785 558 1831 clamabat
601 1794 746 1828 autcm
782 1797 939 1842 genere
974 1779 1094 1822 vario
1125 1795 1133 1821 z
1174 1776 1305 1820 modo
1341 1773 1570 1836 splendide
1600 1782 1736 1832 atque

342 1867 556 1911 adornate
589 1882 597 1908 :
626 1875 719 1908 tum
737 1898 748 1918 ,
775 1879 828 1906 ne
858 1875 1176 1921 usquequaque
1199 1855 1488 1901 scholasticus
1516 1854 1736 1898 existima-

344 1958 488 2003 retur,
513 1945 771 1990 circumcise
799 1960 848 1987 ac
869 1940 1066 1996 sordide,
1088 1949 1130 1983 et
1156 1935 1466 1982 tantummodo
1488 1933 1738 1979 trivialibus

344 2029 501 2073 verbis.
530 2028 634 2088 Egit
661 2035 703 2070 et
731 2041 904 2079 causas,
926 2038 1079 2066 verum
1108 2021 1269 2072 rarum,
1296 2019 1398 2062 dum
1425 2014 1739 2077 amplissimam

346 2126 566 2172 quamque
599 2117 811 2159 sectatur3
836 2121 916 2148 nec
942 2102 1077 2147 alium
1106 2104 1150 2145 in
1176 2098 1264 2145 ulla
1291 2098 1459 2151 locum,
1484 2113 1616 2158 quam
1642 2112 1740 2157 per-

347 2190 518 2236 orandi.
540 2192 696 2233 Postea
723 2184 1003 2230 renunciavit
1025 2183 1144 2237 foro,
1179 2181 1341 2242 partim
1364 2178 1555 2240 pudore,
1577 2177 1739 2238 partim

349 2282 482 2316 metu.
514 2271 628 2314 Nam
655 2284 792 2328 quum
824 2267 869 2309 in
897 2263 973 2308 lite
1003 2262 1195 2324 quad-ani
1222 2257 1558 2313 centumvirali,
1584 2257 1741 2301 adver-

348 2354 493 2408 sario,
527 2367 658 2412 quem
690 2358 737 2392 ut
766 2348 952 2408 impium
988 2361 1091 2406 erga
1126 2352 1326 2404 parentes
1358 2339 1621 2395 incessebat,
1651 2338 1743 2399 jus-

346 2432 587 2497 jurandum
615 2430 737 2491 quasi
764 2446 842 2490 per
866 2427 1055 2488 figuram
1094 2425 1154 2468 sic
1185 2421 1416 2467 obtulisset
1444 2438 1452 2464 ε
1483 2440 1502 2462 «
1532 2422 1638 2464 Jura
1668 2434 1744 2479 per

352 2515 488 2577 patris
516 2513 757 2571 matrisque
780 2511 972 2562 cineres,
1001 2506 1075 2566 qui
1106 2503 1319 2548 inconditi
1337 2503 1484 2563 jacent
1515 2517 1523 2544 :
1548 2521 1568 2541 >2
1594 2509 1636 2543 et
1657 2497 1743 2542 alia

354 2598 396 2639 in
433 2596 551 2638 hunc
579 2592 758 2636 modum
788 2604 798 2633 z·
823 2589 1060 2649 arripiente
1090 2603 1142 2629 eo
1167 2584 1496 2638 conditionem,
1522 2597 1602 2625 nec
1623 2579 1742 2639 judi-

353 2676 477 2718 cibus
511 2672 868 2738 aspernantibus,
900 2685 985 2712 non
1015 2668 1106 2711 sine
1142 2682 1299 2726 magna
1328 2665 1392 2708 sni
1419 2661 1585 2706 invidia
1612 2677 1743 2721 nego-
