1971 3342
390 274 439 291 «ω
922 255 962 291 C.
995 253 1234 290 SUETONII

391 291 411 306 ι,

387 358 487 385 eum
521 340 750 384 honestate
787 337 1045 399 praeditum,
1075 348 1121 381 ut
1149 337 1419 398 temporibus
1446 335 1635 380 Sullanis
1665 354 1766 397 pro-

387 422 654 482 scriptorum
686 419 845 464 liberos
878 419 1040 480 gratis,
1075 429 1118 463 et.
1147 419 1239 462 sine
1266 417 1465 461 mercede
1493 417 1604 473 ulla,
1632 418 1676 460 in
1702 417 1769 460 di-

389 501 616 563 sciplinam
647 501 874 562 receperit.

453 585 575 628 XIV.
596 583 775 626 Curtius
790 582 939 626 Nicias
957 581 1079 625 haesit
1093 582 1216 626 Cneo
1231 580 1440 640 Pompeio
1456 589 1498 623 et
1514 579 1623 623 Caio
1637 581 1775 623 Mein-

390 664 479 707 mio
507 680 516 706 ε
545 663 620 707 sed
647 679 786 723 quum
816 660 1040 706 codicillos
1066 662 1263 706 Memmii
1289 660 1342 705 ad
1373 660 1570 720 Pompeii
1594 675 1775 703 uxorem

390 744 446 788 de
474 754 627 804 stupro
653 742 918 804 pertulisset,
942 742 1143 803 proditus
1168 743 1222 786 ab
1246 759 1294 786 ea
1313 777 1323 797 ‚
1352 742 1606 801 Pompeium
1634 739 1775 784 offen-

391 824 480 879 dit,
506 824 725 884 domoque
758 824 796 866 ei
828 822 1112 867 interdictum
1140 832 1216 866 est.
1245 823 1344 866 Fuit
1369 831 1411 865 et
1432 822 1570 865 Marci
1599 821 1778 865 Cicero-

395 905 460 948 nis
502 903 754 959 familiari83
782 904 825 946 in
855 904 980 964 cujus
1008 901 1192 964 epistola
1226 902 1281 946 ad
1308 900 1583 946 Dolabellam
1609 901 1699 945 haec
1726 900 1779 944 de

394 1001 446 1028 eo
467 983 651 1045 legimus
671 1000 715 1026 z«
729 984 926 1027 Omnino
946 983 1051 1027 mihi
1072 982 1227 1027 litterae
1247 983 1385 1043 magis
1406 991 1510 1025 sunt
1529 979 1779 1042 expetendae

396 1083 421 1109 a
445 1074 510 1120 te,
547 1080 679 1124 quam
705 1080 729 1106 a
756 1080 825 1107 me
857 1064 949 1107 tibi.
977 1063 1100 1108 Nihil
1131 1064 1246 1107 enim
1275 1065 1427 1106 Romae
1455 1062 1635 1123 geritur,
1662 1060 1780 1120 quod

400 1155 441 1190 te
463 1154 612 1207 putem
641 1145 751 1188 scire
775 1160 955 1200 curare7
984 1145 1066 1187 nisi
1089 1143 1201 1187 forte
1226 1144 1335 1187 scire
1359 1143 1449 1196 vis,
1477 1158 1545 1184 me
1568 1142 1680 1184 inter
1704 1142 1783 1185 Ni-

396 1227 507 1271 ciam
529 1235 729 1269 nostrum
752 1234 794 1268 et
814 1223 995 1268 Vidium
1015 1224 1205 1284 judicem
1227 1239 1330 1266 esse.
1352 1222 1525 1265 Profert
1545 1220 1668 1276 alter,
1690 1221 1784 1281 opi-

399 1324 497 1362 nor,
533 1305 707 1349 duobus
736 1303 959 1348 versiculis
985 1320 1227 1364 expensum
1255 1303 1390 1348 Niciae
1421 1319 1430 1345 :
1459 1300 1568 1345 alter
1596 1302 1782 1345 Aristar-

396 1387 504 1431 chus
533 1387 612 1430 hos
638 1383 820 1444 ὁζελίζει.
846 1388 939 1446 Ego
961 1394 1170 1444 tanquam
1192 1384 1366 1427 criticus
1390 1382 1596 1442 antiquus
1616 1381 1785 1441 judica-

398 1477 523 1510 turus
549 1484 665 1523 sum⁷
691 1476 840 1509 utrum
867 1467 953 1509 sint
975 1463 1043 1509 toi)
1065 1462 1250 1519 ποιητοῦ,
1275 1480 1329 1506 an
1351 1458 1783 1520 παρεμζζείῖλημὲνοι.»

401 1549 512 1590 Item
543 1546 597 1590 ad
631 1547 826 1591 Atticum
857 1563 864 1571 ·
897 1565 917 1586 ι(
938 1548 1004 1590 De
1035 1545 1161 1590 Nicia
1191 1543 1309 1603 quod
1337 1543 1514 1597 scribis,
1553 1541 1588 1586 si
1625 1544 1684 1586 ita
1718 1559 1786 1585 me

401 1627 633 1682 haberem,
657 1636 705 1669 ut
728 1627 820 1686 ejus
840 1626 1118 1669 humanitate
1143 1624 1227 1668 frui
1249 1640 1439 1684 possem,
1462 1624 1506 1666 in
1529 1623 1679 1683 primis
1703 1621 1787 1665 vel-

400 1706 484 1750 lem
511 1706 634 1750 illum
659 1722 831 1750 mecum
863 1706 1040 1761 habere3
1068 1703 1141 1748 sed
1169 1704 1277 1747 mihi
1305 1702 1497 1747 solitudo
1525 1712 1564 1746 et
1594 1719 1787 1746 recessus

402 1787 630 1848 provincia
659 1796 724 1830 est
756 1803 764 1829 τ
794 1785 913 1846 quod
942 1787 1043 1846 quia
1067 1784 1191 1828 facile
1231 1782 1397 1827 ferebar.
1425 1783 1549 1837 Sica,
1576 1799 1627 1826 eo
1651 1783 1788 1842 magis

402 1866 526 1910 illum
564 1867 778 1911 desidero.
811 1869 1022 1910 Praeterea
1052 1866 1165 1909 nosti
1191 1865 1325 1909 Niciae
1351 1864 1491 1907 nostri
1518 1861 1788 1906 imbecillita-

404 1958 491 1991 tem
507 1983 517 2002 ,
539 1946 787 2003 mollitiem,
809 1946 1175 1991 consuetudinem
1193 1946 1348 1989 victus.
1374 1947 1466 1989 Cur
1488 1960 1591 2005 ergo
1614 1942 1675 1986 illi
1698 1959 1790 1986 mo-

403 2028 537 2072 lestus
572 2044 663 2071 esse
701 2026 857 2083 velim,
891 2044 1028 2088 quum.
1069 2027 1175 2069 mihi
1212 2024 1283 2068 ille
1316 2023 1542 2084 jucundus
1576 2039 1670 2067 esse
1701 2039 1787 2066 non

405 2107 572 2170 possit?
599 2107 817 2152 Voluntas
848 2118 994 2151 tamen
1023 2107 1116 2167 ejus
1142 2106 1249 2149 mihi
1279 2115 1402 2166 grata
1428 2114 1505 2148 est.
1528 2123 1548 2144 »
1572 2104 1713 2164 Hujus
1737 2102 1789 2146 de

403 2188 575 2233 Lucilio
600 2188 736 2232 libros
765 2189 895 2232 etiam
925 2189 1058 2231 satira
1085 2186 1357 2247 comprobat.

469 2272 567 2314 XV.
599 2272 806 2323 Lenaeus,
841 2269 1037 2329 Pompeii
1065 2267 1215 2327 Magni
1243 2265 1446 2319 libertus,
1476 2276 1518 2309 et
1546 2281 1666 2326 paene
1694 2280 1787 2307 om-

406 2350 528 2394 nium
563 2349 893 2410 expeditionum
929 2365 1103 2402 centes,
1137 2347 1345 2391 defuncto
1375 2363 1426 2389 eo
1454 2345 1640 2405 filiisque
1673 2345 1789 2404 ejus,

406 2430 554 2475 schola
583 2447 627 2474 se
655 2430 946 2474 sustentavit:
974 2428 1213 2488 docuitque
1238 2429 1280 2470 in
1308 2427 1501 2480 Carinis,
1525 2424 1579 2468 ad
1601 2422 1790 2468 Telluris

406 2511 567 2569 aedem,
598 2512 639 2554 in
674 2528 759 2571 qua
796 2511 975 2572 regione
1012 2509 1322 2568 Pompeiorum
1358 2506 1512 2551 domus
1539 2504 1680 2549 fuerat
1706 2520 1714 2546 :
1740 2519 1789 2545 ac

408 2602 530 2636 tanto
558 2608 707 2636 amore
738 2592 844 2652 erga
877 2590 1047 2650 patroni
1082 2589 1336 2632 memoriam
1361 2587 1546 2640 exstitit,
1578 2594 1625 2628 ut
1649 2581 1765 2627 Sallu

409 2673 537 2716 stium
566 2673 851 2728 historicum,
881 2669 997 2731 quod
1025 2686 1124 2714 cum
1152 2688 1172 2710 «
1195 2668 1284 2712 oris
1314 2667 1523 2727 improbi,
1549 2666 1697 2709 animo
1721 2664 1786 2706 in—
