1971 3342
459 227 502 262 32
987 226 1023 261 C.
1051 225 1277 261 SUETONII

457 308 570 368 quod
588 309 832 351 inscribitur
853 311 948 351 Iler.
972 308 1171 363 Quorum
1194 306 1403 348 librorum
1424 306 1584 365 primos
1605 306 1646 348 in
1667 315 1802 350 trans-

459 389 519 430 itu
560 387 760 447 Alpium,
802 403 935 446 quum
976 403 1027 429 ex
1071 386 1265 428 citeriore
1306 383 1474 439 Gallia,
1521 385 1801 427 conventibus

457 467 663 526 peractis,
696 465 750 509 ad
783 466 1015 509 exercitum
1047 463 1230 518 rediret3
1266 474 1486 523 sequentes
1523 463 1602 506 sub
1635 473 1802 523 tempus

456 545 707 588 Mundensis
740 543 877 604 proelii
904 543 1028 596 fecit;
1063 543 1369 595 novissimum,
1403 542 1506 584 dum
1539 542 1592 585 ab
1621 542 1726 585 urbe
1760 543 1802 584 in

456 624 704 684 Hispaniam
735 621 980 666 ulteriorem
1009 630 1162 680 quarto
1193 631 1235 663 et
1266 621 1465 663 vicesimo
1497 620 1565 663 die
1593 622 1800 680 pervenit.

456 701 656 762 Epistolae
682 717 851 761 quoque
875 702 964 760 ejus
988 699 1041 743 ad
1067 708 1261 743 senatum
1282 691 1480 751 exstant,
1508 715 1613 758 quas
1638 700 1803 758 primus

455 781 625 824 videtur
650 781 702 824 ad
727 781 902 841 paginas
925 789 966 823 et
991 778 1171 822 formam
1194 777 1451 821 memorialis
1472 776 1601 820 libelli
1621 793 1801 820 conver-

456 861 579 916 tisse,
608 876 741 919 quum
767 869 892 902 antea
917 857 1111 901 consules
1135 866 1177 900 et
1201 856 1329 900 duces
1360 856 1530 899 nonnisi
1562 865 1803 898 transversa

457 939 605 982 charta
628 940 805 998 scriptas
829 938 1059 981 mitterent.
1080 939 1261 980 Exstant
1279 946 1321 979 et
1339 935 1393 978 ad
1411 936 1682 991 Ciceronem,
1702 935 1801 978 item

457 1017 509 1060 ad
545 1016 770 1060 familiares
807 1016 1046 1059 domesticis
1081 1015 1133 1058 de
1169 1015 1296 1057 rebus
1331 1031 1339 1057 :
1375 1015 1415 1056 in
1455 1014 1610 1072 quibus
1648 1014 1681 1056 si
1717 1029 1802 1072 qua

457 1094 664 1138 occultius
694 1095 944 1154 perferenda
974 1104 1120 1148 erant,
1151 1110 1227 1153 per
1260 1102 1383 1136 notas
1415 1094 1608 1152 scripsit,
1640 1092 1683 1135 id
1716 1102 1802 1147 est,

457 1175 516 1216 sic
541 1182 702 1216 structo
732 1172 971 1215 litterarum
1002 1172 1176 1225 ordine,
1210 1181 1257 1214 ut
1282 1170 1448 1213 nullum
1480 1171 1660 1213 verbum
1691 1169 1800 1213 effici

456 1261 598 1312 posset
622 1269 631 1294 :
657 1267 750 1310 quae
779 1252 813 1293 si
836 1252 931 1310 quis
958 1251 1210 1310 investigare
1234 1259 1276 1292 et
1301 1249 1498 1309 persequi
1521 1247 1645 1304 velit,
1670 1265 1800 1308 quar-

457 1340 544 1373 tam
566 1329 874 1373 elementorum
900 1328 1110 1383 litteram,
1142 1328 1185 1370 id
1209 1338 1294 1382 est,
1318 1327 1353 1370 (l
1376 1344 1455 1387 pro
1479 1344 1507 1369 a
1520 1361 1532 1381 ‚
1563 1337 1604 1369 et
1627 1327 1805 1387 perinde

457 1408 641 1468 reliquas
672 1416 916 1450 commutet.
950 1409 1165 1449 Feruntur
1198 1416 1239 1449 et
1268 1422 1292 1448 a
1323 1422 1457 1465 puero
1487 1416 1528 1448 et
1559 1406 1612 1448 ab
1639 1406 1804 1449 adoles-

459 1486 630 1530 centulo
654 1486 849 1546 quaedam
873 1487 1030 1546 scripta
1052 1502 1061 1528 ε
1084 1496 1131 1528 ut
1153 1485 1330 1529 Laudes
1353 1485 1574 1541 Herculis,
1601 1485 1805 1546 tragoedia

463 1565 692 1627 OEdz'pus,
721 1566 821 1608 item
846 1566 978 1609 Dicta
1006 1565 1273 1609 collectanea.
1307 1565 1430 1620 Quos
1464 1580 1609 1607 omnes
1643 1562 1805 1607 libellos

457 1645 594 1688 vetuit
625 1646 846 1704 Augustus
880 1643 1113 1704 publicari,
1151 1645 1193 1686 in
1232 1643 1431 1703 epistola,
1467 1659 1596 1702 quam
1632 1642 1805 1685 brevem

457 1723 690 1766 admodum
707 1739 756 1767 ac
776 1721 1008 1782 simplicem
1025 1722 1079 1764 ad
1097 1723 1347 1782 Pompeium
1368 1724 1586 1777 Macrum,
1608 1721 1677 1764 cui
1696 1720 1806 1764 ordi-

458 1802 618 1845 nandas
642 1801 919 1845 bibliothecas
945 1800 1234 1860 delegaverat,
1262 1802 1386 1844 misit.

519 1882 652 1923 LVII.
694 1883 925 1924 Armorum
965 1890 1006 1922 et
1042 1879 1259 1938 equitandi
1300 1881 1607 1940 peritissimus,
1648 1881 1805 1924 laboris

458 1958 570 2001 ultra
594 1958 721 2001 fidem
746 1960 910 2019 patiens
932 1969 1021 2001 crat
1049 1976 1057 2001 :
1080 1960 1121 2001 in
1142 1960 1310 2017 agmine
1332 1975 1644 2017 nonnunquam
1671 1976 1804 2018 equo,

457 2038 609 2096 saepius
643 2037 821 2097 pedibus
855 2038 1066 2091 anteibat,
1100 2039 1237 2096 capite
1272 2037 1460 2093 detecto,
1499 2054 1571 2092 seu
1608 2037 1692 2093 sol,
1730 2056 1802 2081 scu

457 2115 591 2157 imber
619 2125 738 2157 essct.
767 2116 1053 2176 Longissimas
1081 2117 1166 2157 vias
1197 2115 1433 2158 incredibili
1460 2116 1672 2159 celeritate
1700 2134 1803 2160 con-

455 2192 574 2247 fecit,
599 2193 839 2252 expeditus,
864 2195 1080 2236 meritoria
1106 2194 1260 2248 rheda,
1285 2204 1461 2237 centena
1485 2212 1687 2254 passuum
1710 2196 1802 2238 mil-

456 2270 511 2314 lia
537 2272 578 2314 in
605 2271 793 2331 singulos
820 2272 906 2314 dics
935 2289 943 2314 :
969 2274 1001 2314 si
1029 2272 1205 2315 {lumina
1231 2283 1522 2328 morarentur,
1550 2274 1692 2317 nando
1719 2284 1803 2317 tra-

451 2349 624 2408 jiciens,
652 2350 713 2393 vel
742 2352 912 2393 innixus
941 2350 1094 2393 inssatis
1122 2352 1316 2406 utribus,
1345 2362 1389 2394 ut·
1417 2368 1603 2412 persaepe
1629 2355 1802 2396 nuntios

456 2427 507 2470 de
531 2444 574 2470 se
597 2430 859 2488 praevenerit.

521 2508 674 2550 LVIII.
712 2510 762 2551 In
792 2509 1000 2551 obeundis
1029 2508 1367 2568 expeditionibus
1402 2510 1606 2565 dubium,
1638 2511 1803 2553 cautior

457 2602 509 2628 an
553 2586 789 2629 audentior.
832 2588 1076 2630 Exercitum
1120 2604 1254 2645 neque
1292 2605 1367 2647 per
1408 2588 1609 2631 insidiosa
1651 2590 1801 2632 itinera
