1988 3407
681 279 734 314 IN
763 278 1112 314 DOMITIANUM.
1515 276 1533 312 3
1546 277 1587 312 13

263 358 443 393 Occisum.
464 359 497 392 A
515 356 634 392 Lucio
654 356 840 400 Maximo,
860 353 1022 391 docente
1041 355 1206 402 Xiphil.‚
1224 354 1288 390 ub.
1309 367 1411 401 sup.‚
1431 367 1467 402 p.
1486 354 1557 400 764
1582 367 1590 388 ε

208 416 252 457 ὸν
267 419 332 468 (Sc.
352 416 577 467 Antonium)
592 425 720 460 Λούκιος
740 421 889 466 Μοίξιμςς
910 421 1160 465 κατηγωνίσατο
1180 422 1236 455 καὶ
1256 422 1409 454 naeinam

263 490 351 526 CAP.
370 490 455 524 VII.
478 489 682 537 Sportulas.
704 487 802 522 Vide
829 487 966 521 Neron.
979 511 991 528 ,
1012 498 1090 521 xvx.

260 553 456 588 Rea-tarum
481 562 680 585 coenarum.
706 548 804 583 Vide
824 550 943 595 Aug„
965 559 1092 582 Lxxxv.

260 613 400 649 Auraei
422 612 687 659 purpureique.
716 609 837 644 Aliter
861 608 1027 657 Xiphil„
1047 609 1110 644 ub.
1133 621 1236 656 sup„
1259 619 1297 656 p.
1327 607 1401 653 760
1428 620 1436 643 ε
1462 615 1506 647 Τὸ
1536 617 1591 660 μὲν

205 685 351 727 χρυσεῦν,
373 681 410 712 τὸ
429 676 467 712 δὲ
489 679 638 723 cip-lupe&
661 677 833 722 ἐνεμάσας.

263 744 440 781 castrari.
461 744 518 778 Ita
544 742 756 777 Philostrat.
789 743 965 788 Apollon.
992 741 1085 784 Via,
1114 754 1176 785 vx,
1210 754 1266 783 17.
1289 741 1372 776 Hoc
1401 739 1531 776 fecisse
1555 740 1593 775 in

207 805 472 842 contumeliam
489 803 565 838 Titi
585 809 715 838 narrat
742 802 887 849 Xiphil.
901 829 910 847 ‚
931 801 994 838 ub.
1016 814 1119 849 sup.‚
1140 815 1176 849 p.
1199 803 1286 849 759.

261 866 418 914 Neglzgi
434 878 533 899 arva.
558 866 715 900 Causam
739 864 871 909 aliam,
892 864 968 899 scil.
993 863 1223 899 seditionum
1246 862 1438 898 materiem
1459 862 1596 898 exvini

210 927 442 963 abundantia
462 925 584 960 adfert
598 925 810 960 Pliilostmt.
827 951 836 969 ‚
866 926 1043 972 Apollon.
1073 925 1139 960 Vit.
1153 951 1165 968 ‚
1190 937 1228 960 vx
1242 952 1251 970 ,
1278 937 1335 969 ιζ’.

261 989 486 1024 Νονείίανεῐ.
513 988 558 1022 H.
584 999 616 1022 e.
636 999 753 1021 novas
774 986 866 1021 vites
885 987 1086 1033 plantaret.

264 1058 396 1094 Castra
409 1056 611 1105 prohibuit.
637 1056 724 1091 Scil.
756 1063 859 1090 metu
890 1055 1143 1101 seditionum,
1171 1069 1254 1105 quae
1283 1069 1378 1105 saepe
1411 1057 1597 1101 oriuntur,

212 1133 328 1170 quum
359 1119 398 1154 in
423 1118 551 1154 eadem
578 1125 697 1153 castra
720 1117 802 1152 duae
823 1117 990 1165 legiones
1017 1125 1168 1154 coeunt.

264 1191 330 1226 Ad
352 1190 472 1236 signa.
493 1209 545 1214 —
561 1189 820 1236 Inprmcipiis
849 1186 950 1238 (vide
980 1189 1029 1224 ad
1053 1189 1211 1232 othon„
1243 1189 1271 1239 ι)
1297 1190 1433 1225 milites
1459 1198 1598 1226 certam

206 1260 354 1300 partem
375 1249 552 1298 stipendii
581 1256 616 1284 et
635 1249 803 1296 pecunia»,
829 1261 848 1285 e
876 1250 1065 1286 donativis
1091 1258 1253 1300 acceptae
1273 1251 1466 1300 deponere
1495 1253 1598 1288 sole-

210 1313 323 1357 bant,
347 1324 430 1360 quae
452 1310 687 1346 reddebatur
707 1310 750 1345 iis
770 1310 873 1346 finita
895 1311 1038 1348 militia.

264 1386 406 1418 Aureos
431 1389 566 1416 ternos.
592 1382 636 1416 II.
659 1394 689 1416 e.
717 1381 765 1416 ad
786 1389 860 1417 tres
883 1395 1037 1427 aurem,
1065 1382 1143 1419 sive
1180 1391 1433 1432 septuagenos
1461 1384 1600 1431 quinos

211 1445 405 1489 denarios,
429 1456 526 1491 quos
547 1443 783 1491 accipiebant
803 1451 940 1491 quarto
962 1458 1118 1492 quoque
1139 1459 1266 1480 mense
1289 1446 1442 1490 milites,
1463 1446 1601 1492 adjecit

211 1519 366 1543 aureum
393 1518 534 1550 unum,
566 1506 642 1541 sive
670 1505 842 1555 quinque
880 1519 922 1542 ac
949 1506 1084 1555 viginti
1112 1508 1299 1544 denarios.
1337 1508 1391 1543 Cf.
1431 1509 1599 1553 Zoana,

209 1570 375 1611 Annal.‚
399 1581 451 1612 11,
478 1579 515 1615 p.
544 1567 628 1615 196.

265 1640 348 1675 Cn.
373 1639 477 1673 VIII.
501 1638 740 1674 Ambitiosas.
763 1661 813 1665 —
834 1640 1056 1675 Ambitiosa)
1075 1643 1269 1676 sententia?
1290 1649 1377 1676 sunt
1397 1641 1601 1677 studiosius

215 1699 324 1734 dictae
343 1699 392 1734 ad
419 1699 717 1746 comparandum
744 1700 911 1736 favorem
931 1714 1065 1737 eorum
1087 1702 1224 1750 quibus
1244 1703 1510 1738 consulebatur
1534 1703 1600 1749 ju—

214 1760 328 1796 dicio.

269 1829 499 1876 Perfusoriis
519 1830 796 1866 assertionibus,
820 1851 871 1857 ——
898 1833 1065 1867 Assertio
1085 1839 1139 1867 est
1158 1832 1364 1869 vindicatio
1386 1835 1422 1869 in
1443 1835 1598 1871 liberta-

214 1891 566 1939 tem3persusoria,
588 1903 663 1938 qua
677 1903 746 1939 per
766 1891 937 1927 fraudem
957 1901 992 1928 et
1014 1894 1237 1929 calumniam
1253 1897 1493 1942 perfunditur
1512 1901 1601 1947 (0³7-

216 1952 344 2002 χύεται)
365 1951 542 1987 dominus
556 1952 677 1998 servi,
699 1953 873 2001 adeoque
893 1954 1059 2001 deceptis
1077 1954 1270 2001 judicibus
1290 1956 1575 1992 condemnatur.

265 2014 519 2049 Nummarc'os.
542 2015 587 2050 H.
609 2026 639 2048 e.
679 2010 840 2050 nummis
860 2028 924 2050 seu
945 2016 1106 2062 pecunia
1126 2024 1340 2063 corruptos.
1368 2020 1419 2052 lta
1446 2018 1520 2053 Cic.
1551 2020 1606 2053 ad

214 2079 317 2118 Act„
348 2087 382 2120 1,
412 2076 457 2110 13
481 2087 490 2112 :
512 2091 530 2108 α
545 2074 763 2111 Excitandis
783 2077 1094 2125 exagitandisque
1107 2078 1541 2125 nuinmariisjudicibus.
1563 2096 1578 2111 υ

267 2137 476 2173 Sordidum.
500 2138 546 2172 H.
567 2150 599 2172 e.
625 2137 792 2184 pecuniae
811 2138 1102 2186 cupidissimum.

269 2208 417 2243 fl10rum
449 2209 681 2243 correctione.
714 2209 820 2245 Hanc
861 2218 1083 2257 perpetuam
1124 2211 1272 2256 sumsit,
1311 2219 1403 2248 teste
1437 2212 1602 2259 Xiphil.‚

220 2281 349 2315 van,
373 2281 411 2317 p.
433 2270 509 2315 760
538 2283 545 2302 :
574 2278 719 2319 Tau-1:⁷1:
737 2274 795 2310 διὰ
816 2275 894 2310 ἔξω.

269 2341 315 2374 In
340 2340 474 2387 equite.
499 2340 546 2375 H.
573 2352 603 2376 e.
625 2340 724 2375 inter
742 2341 900 2388 equites.

268 2407 441 2444 Inhibuit.
464 2409 714 2445 Restituendo
739 2412 914 2447 Rosciam
933 2413 1052 2460 legem
1066 2441 1075 2457 ‚
1097 2425 1180 2460 quae
1200 2414 1333 2449 sensim
1355 2415 1573 2463 elanguerat
1594 2429 1602 2450 :

217 2482 355 2506 novam
382 2477 507 2506 autem
527 2484 606 2506 non
627 2472 724 2507 tulit.
744 2474 802 2508 De
822 2486 863 2509 re
883 2474 928 2509 cf.
951 2475 1147 2509 Mummi..
1163 2502 1172 2518 ‚
1193 2487 1228 2519 v,
1249 2475 1271 2511 8
1293 2488 1300 2508 z

523 2588 666 2619 Edictum
688 2589 817 2620 Domini
839 2589 961 2631 Deique
981 2591 1079 2622 nostri

521 2646 594 2682 Quo
615 2644 762 2676 subsellia
784 2646 920 2676 certiora
941 2646 1039 2681 fiunt.

522 2700 559 2729 Et
581 2711 673 2741 puros
693 2711 788 2741 eques
809 2701 935 2731 ordines
957 2701 1085 2742 recepit.
