1971 3342
401 230 448 262 52
939 227 976 260 C.
1004 225 1234 262 SUETONII

401 327 450 354 ac
479 309 688 366 Salassos,
719 320 866 372 gentes
895 309 1126 371 Inalpinas.
1160 310 1366 353 Coercuit
1388 319 1431 354 et
1454 312 1672 354 Dacorum
1700 308 1758 353 in-

402 390 639 446 cursiones,
663 390 798 434 tribus
821 406 969 434 eorum
992 389 1173 432 ducibus
1195 405 1293 434 cum
1311 406 1469 451 magna
1486 389 1608 449 copia
1628 388 1765 441 caesis,

402 472 729 530 Germanosque
757 469 871 514 ultra
899 469 1042 513 Albim
1071 468 1252 512 fluvium
1283 470 1519 513 summovit
1551 486 1559 511 :
1591 485 1642 511 ex
1674 468 1766 527 qui-

400 550 479 593 hus
496 550 635 594 Ubios
653 560 694 593 et
714 549 974 610 Sygambros
994 539 1196 592 dedentes
1216 565 1260 592 se
1277 549 1470 592 traduxit
1490 550 1534 591 in
1554 547 1766 601 Galliam,

400 640 529 691 atque
552 631 595 673 in
618 631 826 691 proximis
850 630 1002 674 Rheno
1027 630 1140 689 agris
1165 628 1402 673 collocavit.
1427 629 1542 674 Alias
1566 629 1670 672 item
1696 644 1768 670 na-

402 711 539 754 tiones
560 709 669 754 male
690 710 855 770 quietas
876 709 929 753 ad
951 709 1207 769 obsequium
1232 709 1410 770 redegit.
1435 710 1526 753 Nec
1549 707 1626 752 ulli
1651 708 1767 769 genti

401 792 491 833 sine
513 791 639 850 justis
665 799 706 833 et
734 790 981 833 necessariis
1012 790 1152 832 causis
1182 787 1343 832 bellum
1374 788 1548 845 intulit,
1576 798 1769 831 tantum-

400 887 485 930 que
506 870 642 913 abfuit
663 887 686 913 a
704 870 941 930 cupiditate
962 886 1140 930 quoquo
1161 869 1291 913 modo
1313 870 1544 930 imperium
1562 867 1629 911 vel
1650 867 1770 911 belli-

401 967 494 993 cam
521 950 702 1010 gloriam
727 950 934 1010 augendi,
962 959 1009 993 ut
1026 949 1314 1010 quorumdam
1339 949 1625 992 barbarorum
1647 948 1767 1008 prin-

400 1031 516 1089 cipes
540 1030 583 1072 in
603 1029 691 1072 aede
709 1019 864 1073 Martis
885 1029 1052 1073 Ultoris
1072 1029 1219 1088 jurare
1241 1029 1449 1089 coegerit,
1473 1044 1701 1071 mansuros
1726 1045 1769 1070 se

401 1110 443 1151 in
464 1109 547 1151 fide
564 1125 614 1151 ae
632 1125 755 1169 pace,
778 1125 908 1168 quam
927 1119 1143 1169 peterent;
1164 1125 1188 1152 a
1206 1107 1465 1168 quibusdam
1485 1124 1588 1151 vero
1608 1124 1769 1151 novum

399 1205 534 1249 genus
558 1188 778 1243 obsidum,
803 1189 1004 1243 feminas,
1027 1189 1195 1248 exigere
1219 1188 1472 1244 tentaverit,
1497 1187 1615 1247 quod
1641 1185 1771 1248 negli-

399 1285 500 1328 gere
539 1269 725 1312 marium
763 1269 947 1329 pignora
979 1267 1205 1311 sentiebat.
1242 1269 1299 1311 Et
1334 1277 1478 1310 tamen
1513 1276 1768 1327 potestatem

400 1365 569 1408 semper
606 1348 808 1391 omnibus
849 1347 974 1403 fecit,
1016 1348 1185 1407 quoties
1226 1346 1412 1403 vellent,
1450 1347 1624 1390 obsides
1662 1347 1771 1390 reci-

401 1427 560 1487 piendi.
589 1428 741 1487 Neque
765 1437 839 1470 aut
867 1427 1059 1470 crebrius
1075 1462 1086 1481 ,
1109 1437 1183 1470 aut
1208 1426 1482 1488 perfidiosius
1513 1425 1770 1470 rebellantes

402 1508 599 1568 graviore
624 1524 816 1567 unquam
841 1507 957 1551 ultus
981 1517 1043 1550 est
1069 1524 1216 1567 poena,
1242 1524 1372 1567 quam
1398 1517 1447 1550 ut
1472 1508 1665 1567 captivos
1691 1508 1769 1550 sub

402 1584 493 1648 lege
525 1587 822 1637 venundaret,
855 1604 909 1630 ne
943 1588 987 1630 in
1019 1588 1160 1630 vicina
1189 1588 1367 1647 regione
1398 1588 1632 1641 servirent,
1663 1603 1770 1630 neve

402 1667 514 1710 intra
535 1668 796 1711 tricesimum
814 1684 976 1711 annum
996 1667 1296 1711 liberarentur.
1317 1668 1416 1723 Qua
1433 1668 1606 1710 virtutis
1626 1666 1771 1710 mode-

402 1748 667 1808 rationisque
693 1747 806 1791 fama
834 1748 967 1791 Indos
993 1748 1123 1791 etiam
1150 1764 1200 1791 ae
1229 1746 1434 1807 Scythas,
1459 1747 1611 1790 auditu
1638 1746 1770 1790 modo

402 1829 617 1887 cognitos,
644 1826 818 1888 pellexit
840 1827 893 1871 ad
918 1827 1151 1871 amicitiam
1176 1844 1296 1870 suam
1323 1824 1560 1888 populique
1582 1828 1769 1871 Romani

405 1907 518 1951 ultro
538 1924 615 1968 per
640 1907 800 1967 legatos
819 1907 1062 1969 petendam.
1085 1908 1235 1951 Parthi
1254 1923 1426 1967 quoque
1451 1916 1493 1949 et
1516 1908 1768 1950 Armeniam

402 1987 636 2031 vindicanti
681 1987 805 2031 facile
847 1997 1094 2042 cesserunt,
1140 1997 1182 2030 et
1229 1987 1351 2047 signa
1396 1985 1600 2029 militaria
1616 2021 1627 2041 ,
1671 2003 1767 2046 quae

398 2068 459 2111 M.
490 2070 646 2111 Crasso
675 2077 717 2110 et
740 2069 803 2110 Μ.
834 2068 1026 2111 Antonio
1054 2066 1323 2121 ademerant,
1351 2066 1595 2125 reposcenti
1620 2066 1766 2110 reddi-

399 2147 584 2201 derunt,
609 2146 865 2206 obsidesque
891 2148 1068 2206 insuper
1092 2146 1372 2201 obtulerunt,
1399 2145 1610 2206 denique,
1634 2145 1769 2208 pluri-

399 2227 479 2270 bus
506 2226 725 2287 querulam
751 2226 803 2269 de
830 2244 964 2287 regno
987 2228 1363 2283 concertantibus,
1392 2227 1563 2271 nonnisi
1593 2228 1647 2271 ab
1674 2228 1767 2289 ipso

398 2306 583 2350 electum
603 2308 1011 2368 comprobaverunt.

463 2389 605 2431 XXII.
643 2389 799 2430 Janum
827 2388 1088 2445 Quirinum,
1119 2388 1247 2432 semel
1273 2399 1402 2448 atque
1432 2390 1587 2432 iterum
1614 2404 1639 2431 a
1662 2404 1763 2431 con-

399 2468 488 2510 dita
507 2468 626 2512 Urbe
648 2469 899 2511 memoriam
922 2479 1020 2511 ante
1044 2485 1164 2511 suam
1190 2468 1383 2512 clausum
1399 2503 1410 2524 ,
1434 2469 1477 2512 in
1505 2467 1643 2511 multo
1666 2467 1762 2510 bre-

402 2548 516 2591 viore
531 2548 737 2606 temporis
751 2549 910 2608 spatio,
929 2558 1041 2590 terra
1055 2549 1250 2607 marique
1266 2566 1369 2608 pace
1385 2559 1507 2609 parta
1519 2582 1530 2604 ,
1546 2557 1610 2590 ter
1623 2547 1758 2592 clusit.

419 2627 469 2668 {is
504 2642 637 2669 ovans
673 2627 889 2686 ingressus
922 2637 985 2670 est
1017 2628 1211 2683 Urbem,
1250 2637 1345 2687 post
1382 2626 1684 2686 Philippense,
1717 2641 1759 2674 et
