1988 3439
540 261 780 296 OCTAVIUS
812 260 1076 295 AUGUSTUS.
1408 272 1421 294 1
1430 272 1477 308 09

124 350 187 384 est
219 341 359 386 silium
396 344 567 388 mortali
602 343 743 404 specie
777 342 1057 403 ampliorem,
1090 359 1187 386 cum
1226 343 1400 386 fulmine
1435 352 1477 386 et

123 430 318 482 sceptro,
351 424 598 484 exuviisque
633 425 750 467 Jovis
781 424 948 483 Optimi
985 424 1188 478 Maximi,
1221 439 1270 466 ac
1316 421 1476 466 radiata

122 515 308 558 corona,
336 519 466 564 super
495 502 739 546 laureatum
770 519 972 558 currum,
996 503 1062 546 bis
1090 503 1202 546 senis
1232 502 1349 561 equis
1378 518 1476 545 can-

122 578 227 624 dore
264 582 421 626 eximio
460 582 746 627 trahentibus.
786 582 934 626 Infans
975 581 1142 638 adhuc,
1184 592 1234 626 ut
1272 581 1475 641 scriptum

123 660 238 719 apud
267 663 316 706 C.
344 663 536 706 Drusum
564 672 728 718 exstat,
760 662 973 723 repositus
1008 678 1184 723 vespere
1218 662 1262 705 in
1293 675 1420 704 cunas
1454 675 1478 701 a

125 739 367 797 nutricula,
407 740 502 786 loco
539 742 697 804 plano,
735 753 908 804 postera
951 743 1046 787 luce
1082 758 1170 786 non
1210 740 1476 801 comparuit3

122 817 283 880 diuque
319 822 547 880 quaesitus,
587 822 760 866 tandem
801 824 844 866 in
886 821 1091 866 altissima
1132 821 1242 864 turri
1282 828 1473 879 repertus

121 908 209 953 est,
239 900 386 959 jacens
417 912 567 946 contra
603 901 703 946 solis
740 912 953 946 exortum.
990 903 1141 960 Quum
1179 900 1360 961 primum
1397 898 1476 941 fari

120 979 338 1039 coepisset,
368 981 413 1024 in
445 983 562 1025 avito
595 982 846 1026 suburbano
876 982 1174 1043 obstrepentes
1205 979 1315 1024 forte
1351 993 1476 1022 ranas

121 1057 247 1103 silere
265 1060 417 1120 jussit;
442 1071 572 1122 atque
595 1079 647 1106 ex
667 1079 717 1106 eo
741 1072 957 1124 negantur
980 1063 1039 1105 ibi
1059 1078 1176 1106 ranae
1196 1075 1383 1105 coaxare.
1410 1057 1476 1102 Ad

122 1148 327 1198 quartum
354 1139 541 1201 lapidem
571 1144 802 1202 Campanae
835 1142 938 1196 viae,
970 1143 1014 1185 in
1047 1157 1223 1184 nemore
1253 1138 1475 1200 prandenti

121 1234 172 1261 ex
199 1219 434 1280 improviso
455 1220 598 1280 aquila
619 1238 776 1282 panem
795 1224 830 1265 ei
855 1238 877 1265 e
900 1237 1032 1264 manu
1053 1221 1199 1280 rapuit
1225 1237 1233 1262 :
1258 1229 1313 1273 et,
1339 1233 1474 1278 quum

123 1296 330 1343 altissime
350 1299 580 1356 evolasset,
605 1318 753 1345 rursus
776 1318 826 1345 cx
847 1302 1082 1364 improviso
1109 1299 1262 1344 leniter
1283 1297 1475 1357 delapsa,

123 1377 322 1421 reddidit.
345 1379 401 1435 Q.
428 1378 608 1423 Catulus
632 1389 730 1440 post
753 1379 999 1423 dedicatum
1024 1379 1286 1439 Capitolium
1311 1377 1476 1420 duabus

121 1456 339 1500 continuis
363 1457 563 1501 noctibus
589 1459 821 1502 somniavit
849 1476 858 1502 :
891 1460 1052 1518 prima,
1080 1461 1227 1501 Jovem
1255 1457 1476 1516 Optimum

122 1537 362 1580 Maximum
386 1552 409 1580 e
433 1539 693 1597 praetextatis
724 1536 1043 1599 compluribus,
1073 1537 1235 1580 circum
1265 1551 1380 1578 aram
1413 1533 1478 1576 lu-

124 1614 345 1669 dentibus,
368 1633 503 1660 unum
526 1618 776 1672 secrevisse,
802 1627 932 1677 atque
954 1618 997 1660 in
1023 1617 1114 1677 ejus
1139 1617 1277 1659 sinum
1302 1615 1474 1675 signum

124 1695 392 1757 reipublicae‚
429 1697 547 1757 quod
578 1714 710 1741 manu
743 1707 949 1758 gestaret,
987 1698 1242 1758 reposuisse.
1277 1697 1333 1738 At
1370 1695 1479 1737 inse-

125 1776 300 1834 quenti,
335 1777 689 1821 animadvertisse
730 1793 773 1821 se
811 1778 854 1820 in
896 1779 1058 1838 gremio
1095 1775 1326 1836 Capitolini
1363 1773 1478 1816 Jovis

126 1855 323 1899 cumdem
353 1872 561 1915 puerum3
589 1873 716 1916 quem
737 1873 869 1916 quum
893 1857 1059 1900 detrahi
1088 1857 1300 1916 jussisset,
1332 1852 1481 1913 prohi-

127 1934 266 1978 bitum
296 1936 465 1979 monitu
495 1937 602 1991 Dei,
641 1946 846 1995 tanquam
877 1936 911 1979 is
943 1935 996 1979 ad
1028 1934 1204 1979 tutelam
1235 1931 1479 1993 reipublicae

127 2013 394 2058 educaretur.
429 2018 489 2059 Ac
522 2015 592 2058 die
626 2016 849 2075 proximo,
879 2015 1056 2058 obvium
1094 2014 1173 2057 sibi
1209 2015 1448 2072 Augustum
1468 2045 1480 2063 ,

128 2110 262 2153 quum
295 2094 564 2155 incognitum
599 2093 702 2138 alias
732 2094 933 2147 liaberet,
963 2109 1051 2136 non
1080 2093 1171 2135 sine
1197 2090 1481 2134 admiratione

129 2174 374 2227 contuitus,
404 2172 669 2217 simillimum
695 2173 802 2217 dixit
834 2189 993 2233 puero,
1019 2171 1071 2216 de
1098 2188 1184 2231 quo
1213 2170 1479 2213 somniasset.

130 2252 321 2309 Quidam
356 2253 475 2312 prius
507 2253 722 2295 somnium
755 2251 900 2296 Catuli
928 2251 1053 2295 aliter
1084 2260 1330 2311 exponunt,
1361 2249 1482 2308 quasi

129 2333 298 2392 Jupiter
323 2330 620 2391 compluribus
648 2332 933 2390 praetextatis,
961 2340 1147 2374 tutorem
1179 2346 1202 2372 a
1235 2346 1278 2372 se
1307 2343 1483 2389 poscen-

133 2411 266 2465 tibus,
290 2427 425 2454 unum
451 2426 500 2453 cx
522 2411 580 2453 eis
606 2410 962 2460 demonstrasset,
985 2408 1037 2452 ad
1061 2425 1187 2468 quem
1209 2408 1352 2451 omnia
1378 2406 1484 2449 desi-

131 2491 248 2535 ‹leria
278 2507 355 2535 sua
384 2489 615 2544 referrent,
644 2490 821 2549 ejusque
851 2486 1043 2531 osculum
1077 2486 1309 2530 delibatum
1338 2485 1483 2545 digitis·

131 2571 187 2615 ad
207 2587 255 2614 os
279 2586 404 2614 suum
429 2567 654 2626 retulisset.
684 2571 745 2612 M.
772 2569 947 2621 Cicero,
974 2569 1021 2609 C.
1048 2568 1255 2609 Caesarem
1284 2567 1324 2607 in
1351 2565 1481 2623 Capi-

135 2649 283 2694 tolium
316 2658 592 2709 prosecutus,
627 2649 845 2692 somnium
878 2647 1065 2707 pristinae
1097 2646 1230 2688 noctis
1265 2642 1485 2686 familiari-
