1988 3439
815 265 956 300 NERO.
1483 265 1552 302 253

211 348 275 392 Ad
304 349 418 392 hunc
448 348 759 410 impendiorum
790 346 1002 400 furorem,
1028 361 1155 406 super
1190 346 1391 391 fiduciam
1425 349 1556 410 impe-

208 429 258 470 rii
276 462 287 481 ,
313 429 439 472 etiam
463 445 535 489 spe
560 426 742 487 quadam
770 426 993 485 repentina
1023 426 1326 469 immensarum
1346 435 1387 469 et
1414 444 1555 472 recon-

207 506 393 551 ditarum
423 524 552 568 opum
578 503 784 567 impulsus
807 514 895 558 est,
919 521 969 548 ex
992 504 1150 548 indicio
1178 506 1332 564 equitis
1363 508 1553 561 romani,

208 603 285 646 pro
310 596 526 646 comperto
555 583 819 645 pollicentis,
844 585 1068 628 thesauros
1095 585 1400 644 antiquissimae
1423 601 1554 645 gazae,

206 682 314 724 quos
338 666 450 711 Dido
468 666 619 725 regina
641 664 808 725 fugiens
829 666 944 724 Tyro
967 680 1111 708 secum
1131 662 1379 720 extulisset,
1401 680 1490 708 esse
1511 665 1553 707 in

205 744 347 789 Africa
375 745 621 788 vastissimis
652 743 863 804 specubus
897 743 1088 798 abditos,
1112 759 1161 787 ac
1188 759 1312 804 posse
1341 744 1433 787 erui
1461 760 1557 804 par-

204 823 305 867 vula
326 822 596 867 molientium
622 840 766 884 opera.

265 903 450 946 XXXII.
475 904 637 947 Verum
669 913 715 947 ut
745 919 838 964 spes
867 903 1040 960 fefellit,
1066 904 1320 958 destitutus,
1347 914 1474 964 atque
1499 906 1556 948 ita

199 982 287 1039 jam
304 981 535 1026 exhaustus
558 993 600 1026 et
622 999 771 1044 egens,
796 993 844 1027 ut
870 983 1081 1044 stipendia
1105 1001 1276 1044 quoque
1296 984 1503 1039 militum,
1518 995 1559 1028 et

202 1060 427 1105 commoda
453 1071 781 1119 veteranorum,
810 1064 1006 1123 protrahi
1034 1079 1082 1107 ac
1106 1063 1271 1107 differri
1302 1080 1471 1108 necesse
1498 1081 1559 1108 es-

205 1150 294 1196 set,
318 1139 541 1185 calumniis
569 1143 817 1202 rapinisque
851 1143 1035 1187 intendit
1057 1144 1260 1187 animum.
1283 1146 1394 1187 Ante
1416 1145 1558 1187 omnia

205 1220 414 1274 instituit,
442 1231 487 1264 ut
503 1237 525 1264 e
541 1220 796 1265 libertorum
824 1221 1123 1267 defunctorum
1143 1223 1266 1266 bonis
1282 1239 1362 1283 pro
1385 1225 1555 1266 semisse

204 1298 380 1343 dextans
408 1301 444 1343 ei
470 1310 709 1361 cogeretur,
732 1302 803 1361 qui
828 1303 918 1346 sine
942 1302 1151 1362 probabili
1176 1318 1303 1346 causa
1320 1318 1369 1345 eo
1388 1303 1559 1345 nominc.

207 1377 407 1434 fuissent,
426 1396 512 1439 quo
536 1391 674 1423 essent
693 1380 789 1424 ullae
811 1380 979 1425 familiae
993 1416 1004 1437 ,
1027 1398 1132 1441 quas
1151 1382 1240 1442 ipse
1260 1382 1530 1442 contingeret
1550 1400 1558 1425 :

206 1457 384 1513 deinde,
427 1469 474 1502 ut
521 1460 788 1519 ingratorum
836 1461 878 1503 in
920 1461 1159 1521 principem
1205 1470 1461 1504 testamenta
1509 1460 1561 1504 ad

208 1537 357 1581 fiscum
381 1539 649 1598 pertinerent
672 1556 682 1582 z
711 1555 785 1593 ac,
811 1556 863 1582 ne
887 1540 1063 1599 impune
1088 1549 1197 1583 esset
1214 1539 1414 1583 studiosis
1430 1540 1561 1599 juris,

205 1618 280 1678 qui
300 1618 569 1678 scripsissent
595 1618 660 1662 vel
686 1618 915 1663 dictassent
932 1635 981 1663 ea
1008 1637 1016 1662 :
1042 1629 1131 1663 tum
1149 1654 1160 1673 ,
1183 1629 1231 1662 ut
1254 1618 1344 1680 lege
1367 1619 1562 1679 majesta-

204 1699 259 1741 tis
295 1697 405 1741 facta
447 1697 647 1758 dictaque
688 1699 832 1742 omnia
850 1733 861 1753 ,
898 1699 1054 1758 quibus
1093 1698 1221 1742 modo
1265 1697 1432 1742 delator
1474 1715 1561 1742 non

207 1776 398 1830 deesset,
428 1787 691 1821 tenerentur.
730 1780 960 1822 Revocavit
993 1788 1035 1822 et
1071 1780 1244 1839 praemia
1275 1795 1560 1834 coronarum,

208 1872 301 1916 quae
326 1872 518 1916 unquam
547 1858 624 1900 sibi
651 1859 693 1900 in
723 1858 1030 1901 certaminibus
1065 1859 1256 1901 civitates
1294 1856 1562 1902 detulissent.

209 1937 262 1979 Et
299 1950 432 1994 quum
458 1935 747 1979 interdixisset
777 1953 901 1980 usum
931 1938 1207 1996 amethystini
1241 1954 1290 1981 ae
1316 1939 1414 1998 tyrii
1451 1936 1565 1981 colo-

209 2015 291 2068 ris,
342 2015 706 2075 summisissetque
727 2050 738 2069 ,
781 2018 853 2076 qui
907 2017 1199 2060 nundinarum
1244 2017 1311 2059 die
1360 2016 1565 2076 pauculas

211 2094 358 2137 uncias
392 2093 620 2149 venderet,
660 2094 875 2156 praeclusit
912 2106 1089 2139 cunctos
1122 2097 1418 2156 negotiatores.
1446 2097 1565 2153 Quin

208 2172 335 2215 etiam
350 2172 460 2215 inter
476 2174 717 2217 cauendum
741 2174 1082 2219 animadversam
1102 2185 1342 2219 matronam
1365 2192 1387 2218 e
1408 2186 1567 2235 specta-

211 2250 339 2306 culis,
366 2252 497 2295 vetita
530 2268 722 2312 purpura
751 2252 910 2297 cultam
928 2289 938 2306 ,
967 2254 1283 2298 demonstrasse
1316 2266 1568 2315 procurato-

210 2330 328 2373 ribus
347 2331 432 2374 suis
454 2330 632 2385 dicitur;
658 2330 980 2392 detractamque
1005 2333 1140 2389 illico,
1168 2350 1252 2377 non
1276 2344 1391 2377 veste
1417 2334 1566 2388 modo,

211 2408 282 2453 sed
305 2419 346 2452 et
367 2409 490 2452 bonis
515 2411 642 2453 exuit.
674 2409 794 2454 Nulli
820 2410 1234 2472 delegavitofficium
1251 2447 1262 2467 ,
1289 2424 1336 2456 ut
1357 2430 1443 2456 non
1467 2413 1568 2472 adji-

210 2498 345 2542 ceret,
372 2508 391 2527 «
412 2489 516 2542 scis,
542 2488 643 2548 quid
679 2490 782 2533 mihi
817 2507 925 2551 opus
962 2492 1014 2534 sit
1043 2509 1052 2534 :
1074 2511 1093 2531 n
1118 2501 1157 2534 et
1175 2526 1185 2544 ,
1208 2510 1227 2529 ct
1250 2492 1331 2535 hoc
1363 2508 1565 2552 agamus,

211 2582 263 2610 ne
287 2568 381 2626 quis
401 2568 629 2627 quicquam
655 2568 821 2613 habeat.
837 2590 856 2610 n
880 2570 1065 2625 Ultimo,
1084 2570 1251 2631 templis
1271 2570 1566 2630 compluribus

212 2644 325 2689 dona
355 2645 566 2702 detraxit,
593 2647 903 2709 simulacraque
931 2667 979 2693 cx
1009 2667 1114 2694 auro
1146 2650 1206 2693 vel
1234 2659 1414 2710 argento
1440 2650 1569 2693 fabri-
