1988 3439
754 244 1001 280 TIBERIUS.
1482 262 1547 294 ¹27

172 329 216 372 in
243 329 433 390 Syriam,
459 329 638 385 accidit,
667 337 715 371 ut
743 327 861 389 apud
885 326 1111 389 Philippos
1136 340 1311 373 saeratae
1335 331 1438 375 olim
1467 334 1552 376 vic-

172 411 343 454 tricium
363 409 582 471 legionum
607 424 691 452 arae
712 418 867 469 sponte
888 409 1041 452 subitis
1062 407 1327 454 collucerent
1349 413 1520 473 ignibus
1543 431 1551 456 :

171 500 212 534 et
237 508 356 547 mox,
383 506 519 551 quum
546 488 768 550 Illyricum
793 499 943 551 petens
970 490 1095 551 juxta
1133 492 1360 535 Patavium
1396 493 1553 538 adisset

170 573 387 634 Geryonis
405 568 654 627 oraculum,
680 580 795 615 sorte
821 580 978 627 tracta,
1006 588 1093 632 qua
1118 573 1407 627 monebatur,
1429 584 1476 617 ut
1501 575 1553 618 de

169 652 567 698 consultationibus
599 653 641 696 in
679 653 825 713 Aponi
860 652 1022 696 fontem
1052 652 1160 697 talos
1187 670 1340 698 aureos
1366 655 1553 715 jaceret,

169 735 339 792 evenit,
367 743 416 778 ut
442 750 663 778 summum
691 750 925 778 numerum
951 734 1071 794 jactu
1096 735 1149 778 ab
1175 751 1226 778 eo
1251 734 1553 791 ostenderent3

169 815 384 876 hodieque
415 814 496 859 sub
533 831 645 876 aqua
681 815 883 858 visuntur
915 815 961 858 hi
995 814 1080 859 tali.
1115 817 1228 860 Ante
1261 832 1422 876 paucos
1452 832 1554 860 vero

167 912 300 957 quam
334 905 614 940 revocaretur
647 895 757 952 dies,
794 895 964 957 aquila,
996 912 1223 957 nunquam
1250 906 1379 942 antea
1408 897 1553 941 Rhodi

167 988 422 1039 conspecta,
443 977 488 1021 in
506 976 698 1022 culmine
715 977 870 1022 domus
887 977 981 1038 ejus
996 977 1178 1022 assedit:
1201 988 1243 1022 et
1264 978 1404 1039 pridie
1424 996 1553 1039 quam

167 1059 221 1103 de
248 1057 392 1104 reditu
420 1060 580 1103 certior
607 1058 751 1115 fieret,
783 1059 1042 1103 vestimenta
1076 1060 1264 1103 mutanti
1298 1060 1445 1103 tunica
1483 1076 1552 1103 ar-

168 1140 269 1186 dere
292 1141 384 1185 visa
407 1150 484 1185 est.
513 1140 792 1202 Thrasyllum
820 1157 996 1202 quoque
1021 1141 1401 1195 mathematicum,
1422 1158 1551 1201 quern

169 1231 218 1265 ut
245 1222 468 1283 sapientiae
502 1221 792 1282 professorem
824 1222 1113 1265 coutubernio
1146 1221 1425 1278 admoverat,
1459 1232 1553 1266 tum

170 1304 357 1347 maxime
392 1312 594 1364 expertus
624 1313 705 1359 est,
746 1302 1064 1359 affirmantem,
1096 1319 1204 1346 nave
1240 1304 1413 1363 provisa
1446 1320 1552 1363 gau-

169 1383 289 1428 dium
313 1383 488 1439 afferri3
510 1399 648 1443 quum
672 1383 850 1443 quidem
871 1382 992 1426 illum
1007 1418 1017 1438 ‚
1039 1382 1192 1426 durius
1214 1393 1255 1426 et
1282 1394 1434 1427 eontra
1452 1402 1555 1445 prce-

167 1465 284 1510 dicta
309 1464 565 1509 cadentibus
592 1464 740 1520 rebus,
768 1474 815 1508 ut
845 1462 1000 1507 falsum
1027 1473 1069 1507 et
1094 1474 1361 1508 secretorum
1393 1475 1555 1507 temere

167 1547 410 1602 conscium,
442 1562 493 1590 eo
524 1546 618 1606 ipso
648 1554 895 1600 momento,
928 1544 1031 1588 dum
1060 1546 1275 1605 spatiatur
1304 1562 1388 1588 una
1406 1580 1416 1599 ‚
1445 1563 1555 1607 prze-

167 1628 347 1689 cipitare
376 1628 420 1671 in
447 1643 567 1670 mare
592 1626 860 1670 destinasset.

229 1711 326 1754 XV.
354 1712 537 1754 Romam
560 1724 761 1752 reversus
778 1742 789 1764 ‚
816 1706 1006 1751 deducto
1033 1708 1075 1752 in
1104 1708 1248 1752 forum
1273 1708 1363 1752 filio
1386 1711 1553 1763 Druso,

168 1791 311 1834 statim
337 1805 359 1833 e
383 1789 558 1833 Carinis
587 1805 637 1832 ac
657 1789 925 1850 Pompeiana
948 1788 1078 1832 domo
1099 1788 1313 1850 Esquilias
1335 1790 1378 1832 in
1404 1789 1554 1833 hortos

167 1870 504 1915 Maecenatianos
531 1870 858 1930 transmigravit
885 1887 893 1912 :
925 1879 1154 1930 totumque
1193 1886 1237 1912 se
1275 1869 1328 1913 ad
1363 1871 1554 1931 quietem

167 1950 373 2005 eontulit,
391 1952 558 2012 privata
577 1950 706 1995 modo
723 1950 863 1995 officia
884 1951 1057 2007 obiens,
1081 1967 1129 1994 ae
1158 1950 1433 2011 publicorum
1463 1968 1556 1994 mu-

169 2049 322 2076 nerum
344 2048 510 2093 expers.
541 2032 649 2075 Caio
675 2042 717 2076 et
742 2033 878 2076 Lucio
909 2032 1022 2075 intra
1048 2033 1287 2075 triennium
1317 2031 1553 2084 defunctis,

167 2113 404 2174 adoptatur
417 2113 471 2157 ab
484 2115 682 2173 Augusto
696 2114 825 2157 simul
841 2129 939 2156 cum
957 2112 1090 2156 fratre
1103 2129 1255 2155 eorum
1268 2114 1329 2155 M.
1342 2114 1553 2174 Agrippa;

168 2203 344 2238 coactus
365 2194 483 2254 prius
503 2195 614 2254 ipse,
633 2195 973 2249 Germanicum,
996 2193 1141 2237 fratris
1160 2194 1226 2236 sui
1246 2192 1405 2249 filium,
1427 2193 1557 2254 adop-

170 2286 274 2319 tare.
309 2274 404 2317 Nec
440 2274 674 2334 quiequam
706 2283 854 2333 postea
890 2290 969 2334 pro
1000 2273 1310 2334 patrefamilias
1342 2277 1454 2336 egit,
1481 2284 1556 2317 aut

164 2357 257 2418 jus,
289 2354 407 2416 quod
438 2352 726 2416 [adoptione]
756 2354 980 2408 amiserat,
1014 2371 1063 2397 ex
1093 2352 1179 2398 ulla
1207 2365 1329 2415 parte
1360 2356 1553 2398 retinuit.

168 2440 282 2484 Nam
314 2452 453 2496 neque
479 2434 681 2491 donavit,
710 2451 850 2494 neque
877 2435 1130 2478 manumisit
1154 2452 1162 2478 :
1189 2452 1242 2479 ne
1267 2435 1553 2479 hereditatem

169 2517 367 2579 quidem,
392 2525 467 2559 aut
492 2514 630 2576 legata
654 2516 848 2576 percepit
871 2514 957 2558 ulla
984 2514 1131 2571 aliter,
1156 2532 1286 2575 quam
1315 2526 1360 2558 ut
1386 2515 1555 2575 peculio

170 2598 348 2643 referret
377 2606 568 2656 accepta.
598 2594 716 2640 Nihil
746 2612 796 2639 ex
824 2613 876 2639 eo
906 2606 1103 2656 tempore
1127 2597 1464 2656 praetermissum
1491 2606 1549 2639 est

168 2681 218 2726 ad
260 2678 526 2737 majestatem
565 2676 657 2736 ejus
693 2677 960 2737 augendam,
999 2693 1048 2720 ae
1078 2675 1216 2720 multo
1247 2677 1408 2736 magis,
1438 2688 1553 2736 post-
