1988 3439
743 258 974 293 TIBERIUS
1479 263 1543 300 ¹4¹

176 343 418 386 incoenante.
455 360 525 396 eo,
566 340 789 401 complura
829 351 869 385 et
906 342 1096 402 ingentia
1132 358 1233 384 saxa
1268 341 1446 387 fortuitu
1483 359 1550 386 su-

175 437 309 481 perne
337 421 513 482 delapsa
540 430 639 464 sunt
661 437 671 463 :
700 419 933 480 multisque
957 422 1242 464 convivarum
1266 431 1308 464 et
1332 424 1550 466 ministro-

177 518 274 544 rum
297 501 431 557 elisis,
456 510 612 562 praeter
637 517 759 562 spem
779 503 927 545 evasit.

237 583 330 624 XL.
364 583 598 642 Peragrata
622 582 885 641 Campania,
913 598 1046 641 quum
1073 583 1237 642 Capuae
1265 581 1551 642 Capitolium,

178 659 300 705 Nolae
325 659 533 721 templum
553 661 759 721 Augusti,
787 677 917 720 quam
943 678 1118 705 causam
1145 661 1428 723 profectionis
1452 679 1556 723 prae-

179 740 399 793 tenderat,
426 740 688 797 dedicasset,
714 743 906 802 Capreas
934 758 978 785 se
1006 741 1213 798 contulit;
1239 743 1458 803 praeeipue
1484 741 1557 785 de-

181 820 359 865 lectatus
378 820 536 876 insula,
556 821 674 881 quod
694 838 782 865 uno
806 838 1028 882 parvoque
1056 821 1182 866 litore
1204 821 1414 878 adiretur,
1435 831 1557 882 septa

180 901 372 961 undique
397 903 627 963 praeruptis
653 903 871 946 immensae
892 901 1135 947 altitudinis
1159 904 1341 964 rupibus
1357 937 1368 959 ,
1395 913 1438 946 et
1457 919 1557 964 pro-

178 980 314 1025 fundo
343 983 487 1026 maris.
517 983 763 1043 Statimque
798 994 1031 1027 revocante
1063 983 1236 1029 assidua
1269 983 1559 1028 obtestatione

181 1060 362 1122 populo,
383 1073 564 1124 propter
585 1062 775 1120 cladem,
800 1080 885 1124 qua
905 1064 1020 1125 apud
1043 1063 1227 1108 Fidenas
1247 1080 1378 1124 supra
1402 1081 1459 1108 xx
1485 1064 1560 1107 ho-

182 1142 348 1186 minum
377 1142 533 1199 millia,
563 1143 823 1204 gladiatorio
852 1160 1055 1201 munere,
1087 1144 1396 1205 amphitheatri
1434 1145 1561 1187 ruina

184 1223 425 1282 perierant,
448 1225 618 1267 transiit
645 1225 688 1267 in
713 1225 1030 1280 continentem,
1058 1234 1405 1284 potestatemque
1429 1225 1564 1268 omni-

184 1301 263 1346 bus
280 1303 468 1347 adeundi
492 1305 557 1347 sui
582 1304 682 1347 fecit
701 1321 709 1348 :
730 1314 850 1347 tanto
872 1305 1029 1365 magis,
1046 1303 1163 1364 quod
1184 1304 1293 1349 urbe
1314 1304 1562 1365 egrediens,

183 1399 238 1426 ne
263 1385 359 1443 quis
381 1400 426 1427 se
451 1383 768 1444 interpellaret,
793 1383 1007 1440 edixerat,
1036 1401 1084 1427 ac
1105 1393 1198 1428 toto
1225 1385 1380 1427 itinere
1403 1383 1564 1428 adeun-

184 1472 246 1506 tes
273 1473 581 1507 summoverat.

246 1545 363 1587 XLI.
395 1546 632 1606 Regressus
668 1545 710 1589 in
744 1544 950 1601 insulam,
982 1543 1233 1606 reipublicae
1272 1543 1450 1604 quidem
1492 1560 1565 1587 cu-

185 1639 277 1666 ram
296 1640 432 1684 usque
453 1624 562 1668 adeo
585 1625 765 1686 abjecit,
789 1635 837 1668 ut
863 1634 1013 1686 postea
1037 1641 1125 1668 non
1150 1624 1347 1668 decurias
1369 1625 1563 1684 equitum

184 1720 376 1765 unquam
402 1704 637 1766 supplerit3
669 1723 756 1749 non
786 1706 983 1749 tribunos
1012 1704 1199 1749 militum
1233 1704 1568 1765 praefectosque,

188 1802 275 1828 non
304 1787 629 1846 provinciarum
655 1786 857 1847 praesides
885 1786 995 1830 ullos
1024 1787 1282 1839 mutaverit3
1315 1787 1569 1846 Hispaniam

185 1876 228 1910 et
268 1867 434 1926 Syriam
470 1884 548 1927 per
584 1866 751 1927 aliquot
789 1884 926 1911 annos
958 1868 1049 1911 sine
1081 1865 1381 1910 consularibus
1417 1865 1570 1927 legatis

187 1947 411 2002 habuerit3
432 1949 681 1992 Armeniam
703 1965 727 1991 a
744 1947 916 1992 Parthis
934 1948 1161 2008 occupari,
1182 1948 1381 1991 Moesiam
1398 1963 1423 1990 a
1439 1947 1570 1990 Dacis

186 2029 482 2088 Sarmatisque
498 2062 510 2085 ,
549 2028 717 2073 Gallias
761 2045 786 2072 a
825 2029 1057 2073 Germanis
1098 2028 1257 2071 vastari
1301 2026 1570 2088 neglexerim

188 2125 347 2170 magno
372 2109 587 2153 dedecore
614 2111 803 2170 imperii,
831 2126 910 2153 nec
938 2109 1094 2152 minori
1125 2108 1388 2152 discrimine.

251 2191 387 2233 XLII.
410 2191 618 2233 Ceterum
643 2191 798 2234 secreti
822 2189 1044 2233 licentiam
1070 2199 1243 2243 nactus,
1269 2199 1309 2232 et
1331 2190 1453 2249 quasi
1475 2189 1575 2232 civi-

191 2269 290 2312 tatis
319 2268 455 2312 oculis
483 2280 696 2322 remotus,
724 2280 879 2313 cuncta
905 2269 1030 2313 simul
1056 2270 1179 2323 vitia,
1207 2268 1320 2312 male
1349 2269 1422 2311 diu
1455 2268 1575 2312 dissi-

191 2349 354 2393 mulata
369 2384 380 2399 ,
411 2349 587 2392 tandem
614 2349 836 2409 profudit:
860 2348 1090 2408 dequibus
1109 2348 1360 2410 singillatim
1381 2349 1433 2392 ab
1455 2365 1575 2391 exor-

191 2429 263 2473 dio
287 2430 487 2473 referam.
514 2431 562 2472 In
589 2430 760 2485 castris,
783 2430 866 2472 tiro
894 2429 1022 2471 ctiam
1055 2438 1167 2483 tum,
1193 2438 1373 2489 propter
1395 2430 1573 2471 nimiam

192 2511 280 2554 vini
299 2510 574 2565 aviditatem,
596 2526 675 2570 pro
694 2509 896 2563 Tiberio,
920 2508 1133 2559 Bibas-ian
1155 2525 1234 2568 pro
1248 2508 1453 2563 Claudio,
1481 2508 1576 2551 Cal-

192 2592 324 2646 dius;
354 2609 432 2653 pro
458 2592 656 2647 Nerone,
677 2593 802 2635 Μονο
830 2590 1080 2633 vocabatur.
1103 2591 1258 2632 Postea
1283 2589 1507 2649 princeps.
1533 2589 1571 2630 iu

195 2674 286 2734 ipsa
325 2672 599 2733 publicorum
645 2689 815 2715 morum
856 2672 1149 2714 correctione,
1196 2687 1292 2712 rum
1332 2670 1575 2728 Pomponio
