1988 3439
550 240 794 276 OCTAVIUS
821 240 1091 277 AUGUSTUS.
1437 241 1504 278 105

218 324 456 368 LXXXIX.
493 324 559 367 Ne
592 324 842 366 Graecarum
877 321 1053 382 quidem
1086 322 1409 382 disciplinarum
1447 323 1506 368 le-

155 402 271 446 viore
294 403 435 446 studio
460 402 686 446 tenebatur
708 418 717 443 ε
739 402 783 444 in
807 401 966 461 quibus
987 411 1028 444 et
1050 402 1152 461 ipsis
1173 403 1402 461 praestabat
1425 402 1509 447 lar-

154 482 290 542 giter,
331 483 535 543 magistro
571 480 740 524 dicendi
776 497 877 524 usus
914 480 1183 541 Apollodoro
1217 483 1505 542 Pergameno,

154 577 281 620 quem
302 563 390 621 jam
416 559 622 622 grandem
648 570 753 604 natu
780 559 1055 621 Apolloniam
1083 577 1256 621 quoque
1284 577 1428 605 secum
1455 563 1508 606 ab

155 641 273 685 Urbe
293 641 461 701 juvenis
488 639 630 684 adhuc
656 640 875 684 eduxerat.
909 641 1077 684 Deinde
1107 640 1351 685 eruditione
1382 642 1510 685 etiam

157 721 272 764 varia
296 719 484 782 repletus
507 730 570 764 est
594 737 671 782 per
695 721 795 765 Arei
820 720 1091 782 philosophi,
1116 720 1394 781 filiorumque
1421 722 1511 782 ejus

160 801 351 860 Dionysii
374 810 417 844 et
438 801 685 857 Nicanoris,
709 801 1044 845 contubernium
1065 818 1074 844 ε
1096 818 1183 845 non
1207 811 1350 845 tamen
1372 811 1421 844 ut
1441 810 1515 845 aut

157 880 403 940 loqueretur
443 880 664 941 expedite,
705 891 780 925 aut
818 898 1079 943 componere
1117 867 1283 942 aliquid
1319 881 1511 925 auderet.

157 961 267 1004 Nam
292 970 358 1018 et,
383 961 417 1004 si
445 960 550 1021 quid
574 978 640 1005 res
665 963 878 1023 exigeret,
904 963 1058 1005 Latine
1082 961 1319 1018 formabat,
1344 971 1515 1005 verten-

156 1039 347 1101 dumque
380 1040 452 1084 alii
485 1041 627 1085 dabat.
663 1041 747 1086 Sed
781 1040 908 1103 plane
939 1051 1186 1103 poematum
1220 1059 1393 1102 quoque
1427 1058 1513 1085 nou

158 1121 402 1181 imperitus,
430 1119 723 1165 delectabatur
751 1123 880 1166 etiam
916 1123 1125 1167 comoedia
1151 1123 1308 1178 veteri,
1336 1132 1379 1166 et
1407 1139 1516 1182 saepe

157 1217 251 1244 eain
274 1202 469 1245 exhibuit
495 1201 681 1262 publicis
706 1203 977 1263 spectaculis.
1005 1206 1055 1246 In
1080 1202 1328 1247 evolvendis
1353 1204 1515 1246 utrius-

157 1298 240 1341 que
261 1280 418 1342 linguae
437 1282 685 1326 auctoribus
705 1282 813 1326 nihil
835 1299 955 1343 zeque
976 1284 1241 1338 sectabatur,
1263 1300 1393 1343 quam
1413 1301 1518 1344 prae-

157 1371 280 1422 cepta
309 1372 350 1405 et
379 1361 575 1422 exempla
608 1362 781 1422 publice
806 1362 871 1406 vel
897 1365 1098 1423 privatim
1129 1363 1315 1407 salubria
1345 1381 1354 1407 :
1384 1380 1518 1424 eaque

157 1442 211 1486 ad
236 1442 416 1486 verbum
447 1452 667 1503 excerpta,
695 1453 769 1486 aut
794 1442 848 1486 ad
874 1443 1153 1499 domesticos,
1180 1453 1256 1487 aut
1281 1443 1332 1486 ad
1360 1445 1519 1488 exerci-

159 1533 282 1567 tuum
303 1522 711 1583 provinciarumque
737 1533 948 1579 rectores,
973 1533 1045 1567 aut
1070 1522 1122 1566 ad
1143 1524 1274 1568 Urbis
1297 1524 1520 1583 magistra-

159 1613 227 1647 tus
256 1601 509 1664 plerumque
537 1603 760 1659 mittebat,
790 1613 921 1663 prout
949 1604 1111 1664 quique
1140 1603 1378 1646 monitione
1408 1603 1520 1646 indi-

158 1692 319 1743 gerent.
344 1683 485 1727 Etiam
509 1682 640 1727 libros
667 1693 777 1727 totos
799 1693 839 1727 et
863 1684 1030 1726 senatui
1056 1683 1270 1740 recitavit,
1295 1693 1338 1726 et
1358 1682 1520 1743 populo

158 1772 283 1806 notos
312 1779 386 1822 per
418 1762 605 1806 edictum
635 1780 744 1823 saepe
775 1763 874 1807 fecit
902 1780 911 1806 :
940 1773 987 1806 ut
1014 1764 1233 1807 orationes
1262 1764 1318 1819 Q.
1351 1762 1518 1807 Metelli

158 1842 212 1886 de
226 1841 352 1904 prole
372 1842 601 1903 augenda,
625 1852 668 1886 et
687 1842 838 1887 Rutilii
858 1843 913 1887 (le
934 1843 1063 1887 modo
1086 1842 1375 1902 (eclficc'orcmz
1401 1860 1413 1885 :
1434 1859 1521 1902 quo

160 1923 294 1982 magis
319 1921 620 1982 persuaderet,
648 1932 877 1981 utramque
910 1939 1000 1965 rein
1033 1939 1118 1966 non
1148 1939 1172 1965 a
1198 1939 1241 1965 se
1267 1923 1407 1982 primo
1433 1923 1523 1966 ani-

161 2000 449 2056 madversam,
477 2001 550 2045 sed
575 2002 763 2061 antiquis
786 2003 874 2061 jain
903 2012 1006 2045 tunc
1032 2018 1145 2044 curae
1172 2001 1313 2045 fuisse.
1341 2003 1521 2062 Ingenia

161 2079 291 2124 seculi
316 2081 381 2123 sui
406 2081 608 2124 omnibus
632 2081 770 2124 modis
795 2080 914 2124 fovit.
938 2081 1180 2125 Recitantcs
1203 2090 1244 2123 et
1270 2081 1455 2141 benigne
1480 2091 1523 2125 et

163 2160 373 2219 patienter
400 2159 585 2214 audivit,
615 2177 694 2203 nec
724 2169 890 2203 tantum
917 2160 1108 2203 carmina
1133 2168 1174 2202 et
1199 2160 1419 2214 historias,
1449 2160 1522 2202 sed

162 2248 205 2282 et
233 2239 448 2282 orationes
472 2248 514 2282 et
541 2238 744 2299 dialogos.
774 2240 992 2298 Componi
1022 2249 1162 2283 tamen
1189 2238 1352 2299 aliquid
1376 2239 1428 2283 de
1453 2256 1521 2295 sc,

164 2318 243 2361 nisi
269 2327 311 2361 ct
337 2318 473 2370 serio,
497 2327 538 2360 ct
563 2335 586 2360 a
612 2318 994 2377 proestantissiniis·,
1020 2318 1344 2375 offendebatur-3
1372 2311 1522 2362 adino-

165 2398 378 2457 nebatque
399 2407 622 2457 praetores,
649 2414 700 2439 ne
723 2407 975 2457 paterentur
998 2414 1155 2441 nomeu
1177 2416 1304 2442 suuni
1324 2401 1523 2443 commis-

163 2477 353 2521 sionibus
376 2476 628 2521 obsolefieri.

227 2558 320 2601 XC.
356 2558 483 2602 Circa
520 2556 746 2617 religiones
786 2557 910 2600 talem
947 2559 1200 2618 arccpinius.
1235 2559 1445 2602 Tonitma
1480 2565 1522 2598 et

168 2636 335 2698 fulgura
359 2635 486 2697 paule»
512 2636 723 2678 infirmius
749 2638 1076 2695 expavescvbat3
1100 2647 1140 2680 ut
1173 2654 1336 2696 semper
1360 2644 1395 2677 ct
1429 2634 1520 2676 ubi-
