1971 3342
364 221 435 262 142
897 224 935 257 (Σ.
965 222 1194 258 SUETONII

362 301 518 348 Flacco
540 311 582 345 et
608 304 655 346 L.
681 303 838 348 Pisone
868 315 1038 349 noctem
1067 305 1408 364 continuumque
1429 302 1608 347 biduum
1630 318 1728 364 epu·

364 380 493 424 lando
515 381 796 444 potandoque
813 385 1075 428 consumsit:
1098 400 1283 444 quorum
1304 381 1426 427 alteri
1448 382 1616 442 Syriam
1634 398 1729 443 pro-

363 461 570 517 vinciam,
593 460 719 506 alteri
745 463 1047 524 praefecturam
1068 463 1186 507 urbis
1208 462 1433 507 confestim
1456 460 1610 505 detulit
1630 478 1639 505 z
1665 477 1730 505 co-

364 538 521 585 dicillis
540 558 712 602 quoque
735 541 1101 602 «jucundissimos
1124 551 1167 585 et
1186 542 1380 586 omnium
1400 541 1607 585 horarum
1630 541 1731 584 ami-

364 635 437 663 cos
454 638 475 661 n
499 621 729 681 professus.
756 622 894 665 Sestio
916 620 1067 678 Gallo,
1092 620 1322 665 libidinoso
1346 637 1395 664 ac
1414 619 1597 681 prodigo
1618 619 1730 676 seni,

366 696 472 742 olim
496 699 550 743 ab
574 701 768 761 Augusto
794 700 1030 761 ignominia
1054 709 1220 756 notato,
1253 709 1295 743 et
1320 716 1345 743 a
1372 716 1417 743 se
1445 709 1544 743 ante
1571 714 1733 760 paucos

369 778 460 822 dies
491 778 605 839 apud
634 789 831 823 senatum
860 781 1071 841 increpito
1089 814 1100 836 ,
1131 796 1296 823 coenam
1327 796 1378 823 ea
1402 778 1497 840 lege
1522 778 1732 834 condixit,

370 873 424 900 ne
449 857 553 917 quid
577 874 628 901 ex
650 859 964 902 consuetudine
987 860 1253 914 immutaret,
1273 868 1348 903 aut
1370 858 1581 914 demeret,
1599 867 1734 917 utque

370 935 497 980 nudis
535 936 689 997 puellis
728 938 1072 982 ministrantibus
1114 947 1369 982 coenaretur.
1410 937 1734 999 Ignotissimum

371 1024 594 1074 quaesturae
617 1015 895 1060 candidatum
914 1017 1190 1062 nobilissimis
1207 1017 1472 1077 anteposuit,
1488 1016 1543 1060 ob
1563 1025 1735 1076 epotam

370 1094 414 1136 in
438 1095 659 1152 convivio,
683 1097 941 1156 propinante
966 1112 1010 1139 se
1026 1131 1038 1150 ,
1066 1097 1155 1139 vini
1178 1096 1448 1156 amphoram.
1475 1093 1638 1138 Asellio
1663 1096 1739 1138 Sa-

371 1172 474 1217 bino
492 1175 689 1218 sestertia
702 1174 890 1218 ducenta
904 1174 1081 1218 donavit
1098 1191 1178 1236 pro
1201 1174 1395 1236 dialogo,
1419 1175 1463 1217 in
1483 1190 1568 1234 quo
1586 1172 1739 1228 boleti,

372 1262 417 1296 et
440 1252 635 1297 ficedulae
651 1288 662 1309 ,
685 1263 728 1297 et
756 1263 926 1311 ostreae,
949 1264 991 1298 et
1016 1254 1131 1298 turdi
1152 1264 1373 1298 certamen
1394 1253 1637 1297 induxerat.
1655 1254 1742 1297 No-

372 1348 480 1375 vum
502 1331 688 1393 denique
708 1333 900 1377 officium
920 1334 1104 1377 instituit
1125 1350 1148 1376 a
1171 1332 1485 1394 voluptatibus,
1509 1333 1740 1393 praeposito

373 1411 519 1470 equite
547 1428 751 1466 romano,
774 1415 822 1455 T.
854 1413 1050 1457 Caesonio
1072 1413 1233 1456 Prisco.

436 1491 593 1534 XLIII.
620 1492 796 1534 Secessu
823 1508 928 1535 vero
953 1493 1188 1552 Capreensi
1219 1493 1348 1535 ctiam
1376 1491 1591 1536 sellariam
1616 1508 1741 1535 exco-

375 1570 554 1631 gitavit,
580 1568 725 1615 sedem
751 1587 1005 1615 arcanarum
1032 1570 1260 1615 libidinum
1284 1589 1292 1615 :
1321 1573 1364 1615 in
1390 1588 1520 1631 quam
1549 1571 1742 1631 undique

374 1650 605 1709 conquisiti
634 1649 877 1711 puellarum
907 1660 949 1694 et
979 1651 1246 1694 exoletorum
1284 1667 1460 1712 greges,
1491 1651 1744 1695 monstrosi-

374 1744 457 1788 que
482 1730 737 1774 concubitus
757 1740 1019 1791 repertoreS,
1037 1747 1145 1790 quos
1162 1732 1370 1793 spintrias
1391 1729 1654 1791 appellabat,
1675 1731 1746 1773 tri-

373 1808 475 1868 plici
504 1810 613 1853 serie
644 1812 847 1865 connexi,
879 1812 1064 1855 invicem
1089 1811 1350 1855 incestarent
1376 1827 1419 1854 se
1447 1826 1592 1854 coram
1622 1810 1714 1870 ipso
1733 1844 1744 1866 ‚

374 1897 423 1931 ut
447 1899 623 1949 aspectu
652 1890 904 1935 deficientes
933 1891 1133 1935 libidines
1160 1892 1379 1936 excitaret.
1409 1889 1620 1935 Cubicula
1652 1889 1746 1951 plu-

375 1967 567 2012 rifariam
592 1969 800 2030 disposita
824 1969 994 2014 tabellis
1017 1988 1066 2014 ac
1090 1970 1240 2031 sigillis
1266 1970 1643 2014 lascivissimarum
1664 1970 1748 2030 pic-

376 2056 574 2091 turarum
598 2058 640 2091 et
669 2049 907 2109 figurarum
937 2050 1189 2103 adornavit,
1215 2049 1421 2109 librisque
1448 2048 1747 2110 Elephantidis

376 2125 605 2182 instruxit,
643 2143 697 2169 ne
723 2128 792 2170 cui
828 2129 872 2171 in
901 2145 1033 2189 opera
1072 2128 1237 2172 edenda
1275 2128 1495 2189 exemplar
1530 2130 1749 2190 imperatae

376 2203 562 2247 schemae
589 2203 768 2248 deesset.
801 2208 852 2250 In
880 2206 997 2251 silvis
1027 2224 1200 2268 quoque
1231 2225 1281 2251 ac
1312 2208 1561 2252 nemoribus
1589 2209 1746 2269 passim

376 2285 600 2327 Venereos
627 2283 744 2328 locos
770 2297 1038 2330 commentus
1063 2297 1151 2343 est,
1176 2296 1505 2347 prostantesquc
1529 2304 1606 2347 per
1625 2297 1749 2331 antra

377 2373 420 2406 et
445 2379 570 2407 cavas
596 2380 725 2426 rupes
740 2400 751 2422 ,
779 2382 831 2409 ex
855 2367 1080 2426 utriusque
1098 2383 1222 2409 sexus
1245 2367 1380 2427 pube,
1400 2367 1683 2410 Paniscorum
1707 2376 1750 2409 et

378 2444 683 2504 Nympharum
709 2445 859 2489 habitu
878 2463 886 2489 :
914 2445 1142 2506 palamque
1162 2446 1252 2505 jam
1277 2455 1318 2489 et
1339 2444 1471 2507 vulgo
1494 2447 1671 2490 nominc
1693 2445 1751 2488 in-

380 2521 482 2566 sulae
505 2524 753 2580 abutentes,
787 2526 1049 2587 Capre'neum
1075 2524 1343 2569 dictitabant.

444 2603 601 2646 XLIV.
633 2603 983 2663 Maj01·e.adhuc
1015 2613 1057 2646 et
1090 2605 1284 2663 turpiore
1315 2604 1491 2647 infamia
1527 2602 1750 2662 flagravit,
