1971 3342
386 244 432 279 ‘m
934 248 974 280 C.
1005 247 1241 281 SUETONII

456 330 553 372 XX.
583 329 759 372 Statura
786 329 866 372 fuit
888 329 1102 389 quadrata
1121 366 1130 384 ,
1152 330 1392 390 compactis
1413 329 1636 390 firmisque
1655 347 1769 375 mem

388 409 507 464 bris,
536 409 658 453 vultu
699 409 832 453 veluti
860 412 1053 455 nitentis.
1081 413 1149 455 De
1181 427 1269 471 quo
1300 410 1481 469 quidam
1514 410 1783 455 urbanorum

388 507 477 533 non
518 489 703 534 infacete
731 507 739 533 :
769 489 986 551 siquidem
1023 493 1215 552 petenti,
1259 511 1278 531 «
1303 501 1348 534 nt
1389 501 1432 534 et
1464 492 1507 535 in
1546 508 1590 535 se
1618 490 1783 552 aliquid

388 570 554 615 diceret
577 589 585 615 :
615 591 742 612 »——«
759 572 939 628 Dicam,
958 591 978 613 2>
1004 573 1173 633 inquit,
1196 589 1372 633 «quum
1403 581 1601 616 ventrem
1627 589 1785 616 exone—

388 668 484 696 rare
515 651 706 696 desieris.
729 671 749 692 »
777 651 1042 696 Valetudine
1068 654 1363 714 prosperrima
1389 670 1492 697 usus
1518 662 1604 709 est,
1634 670 1786 715 quam-

389 734 451 776 vis
479 732 534 776 ad
561 732 769 776 tuendam
798 749 893 776 eam
927 732 1035 777 nihil
1069 733 1256 794 amplius
1283 751 1416 794 quam
1448 733 1594 779 fauces
1621 744 1784 779 cetera-

386 829 471 874 que
511 813 708 858 membra
748 814 921 857 sibimet
951 813 1006 857 ad
1039 831 1273 859 numerum
1305 815 1347 858 in
1384 815 1679 876 sphaeristerio
1713 816 1786 860 de-

385 894 593 952 fricaret,
638 894 918 954 inediamque
963 896 1095 939 unius
1138 894 1222 938 diei
1264 912 1341 956 per
1380 894 1577 957 singulos
1612 914 1784 941 menses

386 976 700 1036 interponeret.

452 1059 574 1100 XXI.
607 1056 824 1101 Ordinem
856 1058 953 1101 vitae
980 1057 1068 1101 fere
1105 1057 1224 1101 hunc
1251 1058 1407 1101 tenuit.
1446 1059 1496 1100 In
1531 1058 1783 1120 principatu

389 1138 605 1181 maturius
627 1155 814 1199 semper,
841 1154 890 1181 ac
916 1137 970 1181 de
1000 1149 1127 1181 nocte
1154 1137 1391 1199 evigilabat
1420 1155 1429 1181 ε
1455 1137 1557 1182 dein
1586 1138 1785 1199 perlectis

388 1217 612 1278 epistolis,
645 1218 981 1280 officiorumque
1007 1220 1208 1262 omnium
1236 1218 1486 1274 breviariis,
1519 1220 1682 1263 amicos
1713 1220 1786 1263 ad-

386 1300 616 1353 nnttebat3
654 1316 704 1343 ac
734 1298 837 1342 dum
879 1298 1181 1353 salutabatur,
1219 1309 1262 1343 et
1292 1298 1509 1342 calciabat
1539 1300 1633 1360 ipse
1668 1316 1784 1355 sese,

384 1390 425 1423 et
449 1381 682 1424 amiciebat
709 1398 717 1423 ε
750 1390 937 1441 postque
961 1379 1134 1433 decisa,
1167 1396 1445 1440 quaecunque
1481 1379 1784 1433 obvenissent,

388 1464 593 1523 negotia,
622 1462 855 1523 gestationi
885 1471 924 1505 et
966 1461 1069 1505 inde
1104 1462 1243 1521 quieti
1280 1461 1492 1516 vacabat,
1537 1462 1782 1505 accubante

383 1543 529 1603 aliqua
572 1542 873 1604 pallacarum,
909 1558 1018 1602 quas
1056 1542 1098 1585 in
1141 1540 1287 1585 locum
1331 1541 1552 1585 defunctae
1591 1541 1782 1587 Caenidis

384 1623 596 1685 plurimas
623 1624 912 1668 constituerat
933 1642 941 1667 :
968 1641 991 1667 a
1017 1633 1186 1667 secreto
1208 1624 1253 1666 in
1278 1621 1501 1666 balineum
1524 1621 1783 1667 triclinium-

383 1722 468 1766 que
500 1706 728 1749 transibat.
765 1707 858 1750 Nec
889 1705 978 1750 ullo
1014 1716 1212 1766 tempore
1239 1702 1422 1760 facilior,
1451 1713 1527 1747 aut
1555 1702 1785 1766 indulgen-

384 1788 469 1830 tior
499 1787 716 1842 traditum
746 1803 883 1847 eaque
920 1796 1142 1830 momenta
1172 1785 1403 1829 domestici
1430 1784 1486 1828 ad
1514 1783 1686 1845 aliquid
1715 1801 1785 1846 pe—

384 1867 567 1911 tendum
590 1885 749 1929 magno
779 1885 912 1929 opere
945 1868 1194 1928 captabant.

451 1951 593 1993 XXII.
623 1950 679 1993 Et
707 1965 840 2010 super
860 1965 1028 1993 coenam
1053 1957 1231 2003 autem,
1261 1957 1301 1990 et
1329 1963 1504 2007 semper
1532 1945 1641 1991 alias
1668 1963 1784 1990 con·-

384 2031 695 2086 munissimus,
721 2029 859 2074 multa
887 2030 989 2091 joco
1026 2028 1299 2090 transigebat
1327 2045 1335 2071 :
1360 2037 1454 2072 erat
1479 2019 1603 2071 enim*
1621 2027 1784 2072 dicaci·

384 2113 482 2155 tatis
521 2110 751 2172 plurimae,
795 2121 837 2154 et
872 2112 934 2154 sic
964 2108 1160 2154 scurrilis
1190 2126 1239 2153 ac
1265 2108 1481 2164 sordidae,
1516 2119 1565 2153 ut
1595 2125 1648 2152 ne
1676 2126 1783 2170 prae-

382 2193 556 2235 textatis
584 2192 762 2252 quidem
801 2191 944 2235 verbis
983 2191 1235 2235 abstineret.
1279 2192 1335 2234 Et
1381 2200 1528 2233 tamen
1571 2188 1783 2235 nonnulla

381 2274 475 2333 ejus
517 2272 778 2317 facetissima
817 2282 1026 2316 exstant:
1057 2272 1288 2332 inquibus
1315 2281 1357 2315 et
1400 2271 1504 2314 haec.
1550 2271 1780 2314 Mestrium

382 2355 558 2397 Florum
583 2352 859 2397 consularem
876 2389 885 2407 ,
911 2353 1165 2396 admonitus
1191 2352 1245 2395 ab
1271 2368 1347 2407 ec,
1371 2351 1581 2415 plaustra
1603 2351 1750 2412 potius
1771 2384 1780 2402 ‚

381 2452 513 2496 quam
532 2435 710 2497 plostra
749 2433 954 2488 dicenda,
986 2444 1164 2493 postero
1192 2432 1261 2476 die
1295 2432 1517 2477 Flamwn
1555 2430 1777 2475 salutavit.

381 2518 671 2576 Expugnatus
697 2524 845 2559 antem
873 2532 898 2558 a
932 2514 1148 2574 quadam,
1177 2515 1301 2574 quasi
1333 2530 1484 2557 amore
1514 2513 1579 2556 sui
1617 2511 1783 2570 deperi-

383 2606 461 2649 ret,
482 2614 616 2656 quum
640 2596 861 2658 perductae
883 2613 961 2656 pro
977 2596 1217 2639 concubitu
1237 2595 1434 2638 sestertia
1458 2592 1779 2653 quadringenta

382 2678 612 2734 donasset3
637 2679 901 2721 admonente
921 2677 1249 2736 dispensatore,
1269 2672 1639 2736 quemadmodum
1669 2689 1783 2715 sum-
