1971 3342
435 209 506 244 :¹3¹³
1039 211 1189 246 NOTAE

431 286 514 320 nisu
555 291 590 320 et
628 284 768 334 agitatu
796 298 911 333 aquas
946 298 1013 333 per
1042 285 1225 321 modiolas
1261 290 1373 333 atque
1407 283 1558 318 haustra
1589 281 1791 316 attollebat.

431 346 563 390 Mart„
592 358 650 390 lx,
675 351 740 390 14,
762 351 812 388 4:

613 463 706 494 Curta
725 462 880 494 laboratas
898 463 993 494 antlia
1013 462 1092 494 tollit
1108 473 1214 504 aquas.

425 569 487 604 Ad
505 581 640 616 aquam
663 577 785 606 autem
799 571 912 606 antlia
931 570 1174 606 hauriendam
1185 569 1354 605 damnari
1367 567 1540 616 supplicii
1553 579 1671 616 genus
1693 575 1789 613 erat,

425 630 528 676 cujus
547 630 712 666 meminit
730 632 958 667 Artemidor.
979 642 1034 676 τῆς
1053 639 1195 682 ὀνειροκρ,
1220 643 1233 666 1
1246 659 1256 676 ‚
1282 629 1330 666 50
1351 643 1358 665 :
1383 631 1470 668 Οἶδα
1489 631 1530 668 δέ
1549 648 1639 676 τινα,
1657 637 1687 675 ὃς
1699 632 1790 675 ἔδοξε

423 700 479 728 τοῦ
497 697 618 735 παντὸς
639 697 789 742 σώματος
810 700 937 743 ἄτρεμοι
958 700 1119 743 μένοντος,
1141 698 1211 736 τοὺς
1230 694 1336 736 πόδας
1356 696 1452 729 αὐτοῦ
1479 697 1589 741 μόνους
1605 694 1789 736 ῧαστοὶζειν”

423 757 478 790 καὶ
490 756 672 802 προῧαίνειν
687 760 742 804 μὲν
764 757 882 804 &pay-i),
896 760 987 804 ὤμως
1000 756 1038 791 δὲ
1052 761 1215 792 κινεῖσθαι.
1237 757 1356 794 Συνέὲη
1377 759 1465 802 αὐτῷ
1480 758 1521 796 εἰς
1539 758 1670 792 ἀντλίαν
1685 772 1787 792 κοιτα-

423 814 626 855 δικασθῆναι.

473 882 561 917 Cn.
587 883 667 918 LII.
688 884 861 918 Alterius.
882 884 1025 930 Nempe
1043 884 1166 918 Drusi.

478 942 636 977 Tantum
660 956 744 979 non.
764 945 809 980 H.
831 957 861 979 e.
881 944 976 988 fere,
1000 951 1041 978 ut
1058 945 1133 991 jam
1159 945 1381 981 monuimus.

476 1003 608 1038 Rediit.
636 1003 730 1049 Dio,
759 1017 861 1048 LVII,
892 1018 928 1052 p.
962 1006 1035 1040 618
1056 1019 1064 1040 2
1086 1012 1198 1045 Αίτίαν
1221 1013 1275 1056 μὲν
1302 1012 1361 1056 γὰρ
1388 1013 1402 1043 ὁ
1432 1009 1572 1056 Τιῧέριος
1594 1009 1719 1050 ἕλοιὲεν,
1739 1013 1784 1045 ὅτι

421 1070 502 1113 μήτε
525 1074 689 1109 νοσοῦντος
708 1075 763 1103 τοῦ
783 1073 938 1116 Δρούσου,
958 1075 1032 1116 μητ’
1052 1074 1265 1110 ἀποθανόντος
1279 1073 1336 1111 ἔξω
1350 1086 1380 1105 τι
1400 1078 1463 1105 τῶν
1486 1073 1622 1108 συνήθων
1646 1072 1762 1117 ἔπραξε
1775 1099 1784 1114 ,

418 1131 500 1174 μήτε
518 1132 584 1170 τοῖς
599 1133 704 1170 ἄλλοις
719 1137 854 1169 ποιῆσαι
880 1134 1058 1178 ἐπέτρεψεν.

470 1188 680 1222 Inconsulto
699 1200 749 1222 se.
776 1189 911 1232 Tacit.,
933 1191 1069 1224 Annal.
1086 1216 1097 1232 ,
1119 1203 1149 1224 11
1164 1217 1173 1234 ,
1195 1188 1243 1236 59
1274 1202 1281 1222 :
1303 1189 1524 1233 «Tiberius,
1545 1191 1647 1224 cultu
1675 1189 1783 1225 habim

417 1253 534 1294 tuque
560 1248 639 1294 ejus
668 1250 815 1285 lenibus
839 1250 963 1285 verbis
988 1250 1209 1297 perstricto,
1237 1251 1414 1286 acerrime
1444 1250 1651 1297 increpuit,
1680 1251 1784 1298 quod

417 1316 546 1345 contra
566 1309 733 1346 instituta
755 1311 933 1359 Augusti,
960 1325 1037 1346 non
1058 1319 1191 1359 sponte
1210 1311 1407 1359 principis,
1439 1311 1703 1347 Alexandriam
1722 1312 1782 1347 in-

415 1370 573 1408 troisset.
601 1387 616 1402 »

469 1432 532 1467 Cn.
554 1433 738 1468 Pisonem.
763 1434 901 1479 Tacit.,
921 1434 1030 1480 ibid.‚
1051 1436 1101 1482 69
1133 1448 1141 1470 z
1174 1436 1340 1470 «Saevam
1362 1434 1440 1470 vim
1469 1435 1592 1471 morbi
1623 1435 1781 1483 augebat

414 1493 606 1540 persuasio
632 1495 766 1530 veneni
785 1508 806 1531 a
824 1496 957 1532 Pisone
980 1496 1133 1543 accepti.
1149 1513 1163 1528 η
1191 1496 1287 1531 Vide
1305 1496 1393 1532 ibid.
1410 1524 1420 1542 ,
1442 1510 1500 1542 71.

467 1554 653 1589 Mandata
671 1557 915 1602 prolaturum.
937 1557 1077 1601 Tacit.,
1107 1558 1263 1599 Annua,
1299 1570 1370 1603 111,
1407 1558 1450 1593 16
1481 1570 1490 1592 ε
1519 1574 1534 1589 «
1555 1558 1698 1592 Audire
1723 1570 1781 1592 me

413 1614 564 1650 memini
591 1628 636 1650 ex
667 1616 896 1661 senioribus,
923 1618 1040 1653 visum
1064 1618 1194 1665 saepius
1223 1619 1320 1653 inter
1349 1632 1478 1654 manus
1497 1619 1640 1654 Pisonis
1669 1619 1779 1653 libel-

412 1677 507 1720 lum,
536 1688 647 1723 quem
667 1676 745 1724 ipse
764 1690 842 1713 non
861 1679 1089 1727 vulgaverit;
1114 1680 1178 1715 sed
1198 1680 1335 1715 amicos
1353 1681 1433 1726 ejus
1452 1680 1695 1724 dictitavisse,
1715 1680 1781 1714 lit-

412 1744 508 1773 teras
520 1738 661 1773 Tiberii
681 1745 717 1773 et
729 1740 903 1776 mandata
923 1741 961 1774 in
980 1741 1242 1776 Germanicum
1262 1742 1473 1787 continere,
1495 1754 1536 1776 ae
1557 1741 1778 1776 destinatum

408 1811 585 1846 promere
604 1800 704 1847 apud
721 1808 865 1848 patres,
893 1802 1180 1850 principemque
1208 1814 1384 1849 arguere,
1403 1803 1441 1837 ni
1461 1805 1584 1839 elusus
1605 1815 1625 1838 a
1644 1803 1779 1848 Sejano

410 1871 478 1907 per
502 1872 597 1896 vana
629 1861 808 1908 promissa
840 1864 955 1908 foret3
982 1876 1050 1899 nec
1080 1864 1182 1899 illum
1214 1871 1346 1911 sponte
1379 1863 1618 1909 exstinctum,
1651 1875 1779 1900 verum

409 1921 570 1958 immisso
590 1935 819 1970 percussore.
835 1940 854 1957 u

463 1983 551 2018 Nisi
569 1997 615 2019 ea
643 1993 797 2020 secreta.
820 1985 919 2021 Huic
940 1987 1023 2022 loco
1043 1987 1299 2032 subobscuro,
1324 1987 1502 2034 varieque
1529 1999 1549 2022 a
1571 1987 1671 2022 doct.
1691 1986 1779 2021 viris

408 2051 551 2080 tentato
566 2073 576 2090 ,
600 2046 726 2081 lumen
745 2047 854 2082 affert
873 2048 926 2083 cl.
951 2050 1051 2083 Hase
1070 2062 1081 2081 .·
1105 2065 1120 2081 a
1137 2049 1216 2084 Nisi
1242 2049 1279 2084 id
1303 2049 1445 2096 ipsum,
1471 2048 1577 2096 quod
1608 2060 1649 2084 ea
1673 2060 1779 2083 man—

409 2105 494 2142 data
525 2115 667 2142 secreto
700 2108 785 2143 data
817 2116 944 2151 erant,
967 2110 1188 2154 obstaret‚...
1216 2110 1388 2146 Tiberius
1422 2122 1500 2144 non
1529 2109 1606 2156 ipse
1632 2122 1696 2144 ore
1720 2109 1777 2144 vel

409 2167 589 2203 codicillis
617 2169 789 2204 mandata
815 2170 876 2204 illa
905 2170 1029 2205 Pisoni
1055 2171 1227 2216 dederat3
1254 2173 1317 2207 sed
1346 2184 1413 2218 pei=
1438 2172 1530 2207 alios
1561 2178 1597 2206 et
1620 2178 1694 2206 tam
1717 2183 1777 2207 se-

409 2235 529 2272 creto,
550 2236 592 2264 ut
611 2236 803 2264 auctorem
823 2230 933 2266 sciret
959 2232 1112 2278 quidem
1132 2232 1232 2278 Piso,
1253 2233 1317 2268 sed
1337 2232 1499 2279 prodere
1512 2244 1590 2267 non
1610 2237 1776 2279 posset.»

461 2290 536 2323 Per
555 2302 650 2337 quoe.
671 2292 743 2325 Pro
772 2304 908 2338 quare,
943 2292 1048 2338 quod
1078 2306 1151 2327 non
1183 2294 1294 2329 semel
1321 2293 1485 2328 occurrit
1514 2292 1616 2339 apud
1640 2292 1778 2327 Sueto-

408 2351 521 2386 nium.

459 2414 545 2447 Cn.
570 2414 667 2448 LIlI.
690 2414 907 2449 Exztvcimas.
930 2415 1016 2449 Haec
1035 2415 1084 2450 ita
1103 2429 1219 2464 graece
1240 2416 1448 2463 suspicatur
1466 2415 1610 2451 Canter.
1623 2442 1632 2460 ,
1647 2415 1691 2449 N.
1714 2415 1775 2456 L.,

409 2485 464 2515 vx,
495 2473 559 2517 26,
580 2473 765 2520 probante
785 2474 880 2522 Lips.
908 2476 955 2510 ad
974 2475 1090 2511 Tacit.
1105 2504 1113 2520 ,
1141 2479 1277 2511 Armal.
1294 2503 1302 2518 ,
1330 2490 1380 2520 ιν,
1403 2477 1448 2513 52
1473 2490 1480 2510 ε

591 2598 625 2627 Εἰ
649 2599 692 2640 μὴ
713 2600 853 2640 &arip
876 2599 1006 2634 remeo-1,
1027 2597 1205 2641 ὺῧρίζεσθαι.
1228 2596 1339 2635 δοκεῖς.
