1988 3407
583 248 631 282 IN
662 247 909 282 TIBERIUM
940 246 1202 281 NERONEM.
1506 244 1577 289 237

202 335 256 367 ἵνα.
277 330 423 376 διελέχθη
445 332 475 364 τὶ
489 358 496 367 .
523 331 576 363 καὶ
594 334 687 363 τοῦτο
710 327 929 373 ἐδημοσίευεν,
949 330 1033 361 ὥστε
1056 329 1110 361 καὶ
1136 331 1164 366 ἐς
1188 330 1229 361 τὰ
1250 331 1339 362 κεινὰ
1358 331 1580 374 ὑπομνήματα

203 396 428 440 ι’σγραίφεσθιι-

254 451 338 487 Cn.
358 450 513 486 LXVII.
540 450 731 497 Epistoloe.
760 449 815 485 Cf.
836 449 968 483 TAcrr.
983 474 992 491 ‚
1014 449 1150 482 Annal.
1166 474 1176 488 ‚
1199 459 1237 480 vi
1252 474 1261 489 ‚
1282 447 1317 480 6.

258 514 414 547 Tantum
440 523 522 545 non.
546 511 591 546 H.
617 523 647 545 e.
676 510 775 555 fere,
796 517 839 545 ut
860 521 985 556 supra.

257 574 342 608 Cn.
365 572 540 607 LXVIII.
569 572 754 606 Viderent.
776 571 888 615 Plin.‚
904 572 951 605 H.
967 570 1035 612 N,
1049 582 1088 604 x1
1103 598 1111 614 ,
1135 581 1180 614 27
1206 582 1212 602 t
1235 584 1253 600 a
1265 568 1408 604 Ferunt
1429 568 1582 603 Tiberio

200 634 353 679 Caesari,
375 645 445 669 nec
465 632 526 668 alii
547 632 762 681 genitorum
785 632 1016 682 [mortalium
1037 633 1196 681 glossam
1224 637 1335 678 putat
1368 630 1423 665 Cl.
1447 628 1583 679 Hase],

200 697 312 732 fuisse
348 703 542 739 naturam,
572 701 615 729 ut
652 695 938 743 expergefactus
970 701 1088 730 noctu
1127 693 1342 741 paullisper,
1376 691 1480 726 haud
1511 691 1584 726 alio

200 758 335 802 modo,
366 768 478 804 quarn
507 757 590 791 luce
618 757 716 792 clara
749 763 994 792 contueretur
1023 756 1168 800 omnia,
1194 753 1388 802 paullatim
1421 751 1586 789 tenebris

201 832 277 854 sese
297 818 585 855 obducentibus.
601 836 615 850 η

257 881 424 928 Obstipcz.
449 882 494 916 H.
516 893 547 916 e.
576 894 660 929 quae
683 894 761 916 non
786 881 857 917 nisi
876 893 961 916 cum
981 888 1062 916 toto
1091 892 1253 928 corpore
1282 878 1455 922 vertitur,
1478 884 1520 912 ut
1545 877 1584 911 in

202 944 331 979 Horat.
347 971 357 988 ,
377 943 452 978 Sat.
466 969 476 985 ‚
500 955 550 990 11,
572 942 614 988 3,
636 956 684 991 92
707 957 716 977 :

341 1065 407 1094 Stes
426 1062 529 1105 capite
549 1062 693 1104 obstipo,
713 1062 848 1093 multum
869 1062 977 1092 similis
999 1062 1164 1092 nwiuemi.

205 1177 262 1213 Cf.
283 1177 410 1221 szs„
432 1182 499 1211 sat.
521 1187 593 1218 ιη,
619 1174 679 1211 80.

258 1238 463 1272 Excusare.
488 1237 627 1281 Tacit.‚
651 1239 789 1271 Amzal.
804 1263 814 1279 ,
838 1250 872 1282 1,
904 1249 948 1272 10
971 1251 979 1272 :
1000 1240 1240 1285 «Augustus,
1262 1237 1391 1284 paucis
1414 1242 1500 1271 ante
1519 1248 1587 1271 an-

203 1298 281 1344 nis,
319 1311 438 1346 quum
473 1299 626 1333 Tiberio
654 1298 889 1334 tribunitiam
926 1306 1152 1346 potestatem
1184 1311 1205 1334 a
1235 1299 1406 1346 patribus
1440 1310 1587 1333 rursum

204 1362 431 1409 postularet,
453 1373 682 1408 quamquam
705 1361 848 1396 honora
878 1361 1048 1396 oratione
1062 1389 1072 1407 ,
1092 1361 1263 1409 quaedarn
1285 1361 1331 1396 de
1353 1360 1481 1396 habitu
1502 1362 1586 1394 cul—-

205 1429 324 1470 tuque
356 1429 393 1457 et
427 1422 606 1457 institutis
635 1422 716 1467 ejus
746 1422 910 1468 jecerat,
942 1435 1024 1470 quae
1063 1424 1166 1459 velut
1195 1423 1412 1458 excusando
1447 1433 1587 1468 expro-

206 1486 342 1521 braret.
360 1501 375 1516 »

260 1547 501 1581 Aledicorum.
521 1548 638 1582 Tacit.
652 1576 661 1593 ‚
688 1550 843 1592 Annal„
862 1560 902 1582 vt
915 1575 925 1592 ‚
947 1547 993 1590 46
1017 1561 1024 1581 :
1046 1562 1065 1579 α
1084 1547 1224 1583 Solitus
1245 1546 1396 1582 eludere
1416 1544 1585 1580 medico-

206 1620 290 1644 rum
310 1615 427 1652 artes,
459 1615 571 1656 atque
592 1621 676 1654 eos,
697 1609 764 1656 qui
786 1617 873 1657 post
893 1608 1122 1657 trigesimum
1151 1608 1266 1644 :etatis
1286 1620 1426 1643 annum
1454 1606 1502 1642 ad
1528 1606 1588 1642 in—

208 1670 454 1706 ternoscenda
466 1671 620 1718 corpori
635 1683 703 1706 suo
715 1671 820 1706 utilia
838 1671 1024 1707 velnoxia
1043 1668 1154 1706 alieni
1175 1670 1320 1705 consilii
1340 1669 1590 1717 indigerent.»

260 1740 346 1775 Cn.
366 1741 508 1776 LXIX.
530 1741 706 1776 Gestavit.
728 1741 835 1776 Idem
854 1748 983 1778 narrat
1004 1741 1118 1786 plin„
1139 1741 1185 1776 H.
1207 1741 1255 1776 N.
1271 1767 1282 1783 ,
1299 1752 1361 1785 XV,
1391 1738 1451 1774 30.

259 1809 346 1844 Cn.
374 1811 491 1845 LXX.
516 1811 681 1845 Generis.
703 1812 847 1859 Nempe
879 1811 988 1859 graeci
1008 1819 1044 1847 et
1063 1810 1169 1847 latini
1183 1838 1193 1856 ,
1218 1818 1261 1847 ut
1292 1811 1331 1846 in
1350 1811 1441 1846 Hor.
1456 1838 1466 1855 ,
1488 1810 1558 1844 Od.
1578 1836 1586 1849 ,

208 1883 277 1915 iu,
299 1872 342 1915 8,
366 1872 386 1907 5
412 1885 420 1905 :

350 1991 447 2021 Docte
466 2001 625 2022 sermones
646 1992 806 2033 utriusque
830 1992 948 2033 linguae.

262 2103 483 2137 Messalam.
508 2103 565 2138 De
596 2114 674 2150 quo
703 2103 857 2148 Seneca,
885 2103 1027 2138 Contr..
1067 2116 1124 2146 ιι,
1160 2115 1202 2138 12
1237 2116 1244 2136 :
1275 2119 1289 2133 «
1319 2102 1405 2137 Fuit
1436 2103 1592 2136 Messala

211 2161 433 2198 exactissimi
450 2163 611 2211 ingenii,
632 2163 671 2198 in
686 2176 814 2199 omnes
832 2164 1046 2200 studiorum
1066 2171 1211 2211 partes,
1233 2163 1338 2198 latini
1358 2163 1491 2209 utique
1510 2174 1591 2196 ser-

211 2224 333 2260 monis
364 2224 711 2274 diligentissimus.»
744 2225 800 2261 Cs.
834 2228 1046 2271 Qmwru„
1072 2227 1223 2267 Instit.‚
1257 2237 1299 2270 x,
1332 2237 1372 2268 1;
1404 2231 1441 2259 et
1468 2225 1593 2266 Voss,

214 2287 306 2322 mse.
327 2287 433 2329 zat„
460 2299 492 2332 1,
527 2287 582 2323 18.

266 2347 557 2396 Euphorionem.
585 2350 701 2383 Poeta
721 2348 791 2383 fuit
817 2349 1095 2392 Chalcidensis;
1116 2349 1164 2384 de
1183 2349 1249 2384 illo
1269 2347 1427 2393 Quintil.
1441 2375 1450 2392 ‚
1479 2349 1569 2383 Inst.
1583 2373 1592 2387 ,

213 2421 258 2453 x,
296 2422 309 2443 ι
346 2422 354 2444 :
381 2427 395 2440 u
413 2409 541 2456 Quid?
567 2410 851 2457 Euphorionem
873 2410 1136 2446 transibimus?
1160 2422 1272 2458 quem
1301 2409 1373 2445 nisi
1399 2409 1595 2456 probasset

213 2470 410 2519 Virgilius,
429 2471 528 2507 idem
556 2484 749 2519 nunquam
770 2479 870 2507 certe
890 2473 1131 2508 conditorum
1164 2471 1356 2507 Chalcidio
1377 2483 1487 2505 versu
1507 2483 1590 2506 car-

212 2531 355 2567 minum
382 2529 524 2569 fecisskt
550 2533 587 2567 in
614 2534 798 2568 Bucolicis
823 2535 1063 2569 mentionem.
1092 2534 1146 2568 Cf.
1177 2535 1334 2575 Sumtus,
1355 2540 1391 2566 et
1417 2534 1590 2574 Aruns..

217 2607 275 2639 xi,
302 2606 338 2641 p.
362 2601 447 2639 477.

274 2655 469 2690 Rlu'allum.
505 2656 638 2691 suidas
665 2670 671 2690 ἶ
704 2656 829 2702 havala,
858 2664 944 2695 hm).
973 2664 1057 2706 Κρὴς
1089 2664 1140 2698 ὧν,
1175 2664 1312 2698 Bromie<
1336 2663 1417 2695 Ρντζνη
1447 2658 1484 2692 8·-
1508 2662 1596 2698 πόλις
