1988 3439
711 260 972 296 CLAUDIUS.
1448 263 1517 298 203

159 355 290 406 atque
328 345 622 390 adolescentiae
657 353 825 404 tempus
863 343 992 386 variis
1023 352 1064 386 et
1106 345 1329 389 tenacibus
1354 346 1516 390 morbis

160 427 433 471 conflictatus
453 435 537 479 est;
560 422 668 468 adeo
692 432 762 477 ut,
787 423 932 467 animo
962 421 1089 466 simul
1117 432 1158 466 et
1179 440 1363 484 corpore
1383 427 1518 470 hebe-

162 516 276 562 tato,
308 523 362 551 ne
386 520 611 568 progressa
646 502 822 564 quidem
851 511 972 547 aetate
996 502 1071 547 ulli
1096 502 1270 563 publico
1295 505 1518 564 privatove

161 587 330 630 muneri
359 583 514 630 habilis
538 583 870 627 existimaretur.
895 583 1006 638 Diu,
1029 592 1159 643 atque
1187 583 1316 626 etiam
1340 595 1438 644 post
1458 595 1523 629 tu·

161 666 288 711 telam
323 673 561 725 receptam,
585 662 713 707 alieni
736 662 925 717 arbitrii,
968 672 1010 707 et
1044 663 1123 707 sub
1153 662 1388 725 paedagogo
1419 664 1522 721 fuit;

159 762 287 806 quem
317 765 337 786 «
351 744 584 788 barbarum
610 752 652 787 et
690 742 794 787 olim
821 744 1283 804 superjumentarium,
1311 760 1363 787 ex
1392 744 1518 788 indn-

161 827 267 869 stria
287 824 368 869 sibi
387 824 650 886 appositum,
673 833 721 867 ut
742 823 1137 884 sequibuscunquc
1159 822 1212 866 de
1233 824 1371 867 causis
1391 840 1520 884 quam

160 906 388 950 saevissime
411 913 686 960 coerceret,›>
717 904 807 964 ipse
835 903 1021 964 quodam
1054 902 1200 947 libello
1224 905 1520 965 conqueritur.

158 985 228 1030 Ob
263 985 374 1028 hanc
409 984 603 1028 eamdem
637 983 928 1027 valetudinem
959 993 1001 1027 et
1031 982 1287 1044 gladiatorio
1318 1001 1524 1038 munere,

158 1064 275 1125 quod
295 1063 421 1108 simul
444 1081 542 1108 cum
569 1064 700 1108 fratre
723 1064 942 1108 memoriae
966 1065 1100 1125 patris
1127 1064 1296 1121 edebat,
1323 1064 1522 1125 palliola-

159 1154 230 1188 tus
251 1161 365 1188 novo
380 1161 499 1188 more
517 1143 737 1204 praesedit3
757 1153 797 1187 et
820 1155 928 1205 togae
947 1143 1082 1188 virilis
1102 1144 1189 1201 die,
1204 1146 1316 1189 circa
1335 1145 1519 1189 mediam

161 1233 330 1268 noctem
345 1258 356 1280 ‚
387 1225 477 1267 sine
500 1222 697 1268 sollemni
715 1223 878 1281 officio,
899 1223 1048 1268 lectica
1068 1226 1109 1267 in
1130 1223 1393 1285 Capitolium
1412 1224 1525 1269 latus

161 1313 240 1347 est.

224 1385 303 1427 ΙΙΙ.
339 1383 589 1444 Disciplinis
612 1393 756 1427 tamen
782 1383 1031 1428 liberalibus
1052 1385 1105 1428 ab
1130 1394 1254 1429 aetate
1275 1387 1413 1446 prima
1435 1402 1523 1429 non

161 1461 420 1506 mediocrem
458 1479 632 1523 operam
661 1462 802 1518 dedit,
836 1480 884 1507 ac
916 1480 1025 1526 saepe
1060 1465 1355 1526 experimenta
1378 1466 1524 1526 cujus-

160 1559 245 1603 que
272 1544 401 1586 etiam
431 1541 682 1604 publicavit.
719 1545 884 1588 Verum
916 1562 968 1588 ne
996 1545 1057 1589 sic
1091 1545 1264 1605 quidem
1292 1547 1525 1606 quicquam

160 1622 384 1684 dignitatis
421 1624 616 1684 assequi,
659 1633 734 1668 aut
772 1641 892 1685 spem
934 1624 986 1669 de
1024 1641 1068 1669 se
1107 1625 1446 1670 commodiorem
1483 1627 1525 1670 in

161 1713 384 1764 posterum
406 1702 545 1748 facere
565 1705 719 1764 potuit.
747 1706 888 1748 Mater
907 1706 1096 1749 Antonia
1121 1715 1405 1766 «portentum
1427 1723 1525 1750 eum

162 1783 379 1827 hominis»
398 1782 636 1839 dictitabat,
659 1800 766 1828 «nec
781 1783 1027 1829 absolutum
1043 1802 1066 1829 a
1084 1795 1252 1841 natura,
1269 1785 1340 1830 sed
1356 1796 1524 1830 tantum

163 1861 414 1906 inchoatum
432 1879 440 1905 ε
457 1881 477 1902 n
491 1878 540 1906 ac
558 1865 591 1907 si
609 1880 737 1923 quem
753 1864 958 1908 socordiae
977 1875 1196 1927 argueret,
1217 1886 1237 1907 α
1251 1865 1493 1910 stultiorem
1506 1887 1527 1907 n

162 1942 303 1986 aiebat
326 1942 448 1987 «filio
477 1959 555 1988 suo
581 1944 811 1989 Claudio.»
838 1947 945 1990 Avia
966 1949 1162 2007 Augusta
1190 1964 1268 2007 pro
1289 1947 1524 2008 despectis-

163 2022 273 2066 simo
296 2038 466 2084 semper
490 2023 643 2068 habuit
662 2042 670 2067 :
691 2041 778 2068 non
798 2025 944 2081 affari,
965 2026 1044 2069 nisi
1066 2027 1301 2083 rarissime3
1324 2044 1414 2071 non
1437 2044 1530 2071 mo-

164 2117 286 2159 nere,
314 2103 395 2146 nisi
419 2103 574 2147 acerbo
597 2113 638 2147 ct
661 2104 780 2148 brevi
804 2106 986 2166 scripto,
1006 2115 1081 2150 aut
1105 2123 1182 2168 per
1204 2107 1502 2152 internuncios
1517 2143 1528 2163 ,

165 2180 303 2225 solita.
340 2183 474 2226 Soror
503 2182 655 2227 Livilla
684 2200 818 2244 quum
845 2185 1055 2242 audisset,
1087 2187 1226 2247 ipsum
1262 2188 1526 2248 quandoque

166 2260 500 2320 imperaturum,
542 2271 629 2306 tam
663 2264 853 2323 iniquam
890 2276 933 2309 et
983 2276 1070 2309 tam
1109 2266 1332 2328 indignam
1367 2278 1526 2312 sortem

167 2339 316 2401 populi
334 2342 499 2385 romani
520 2341 661 2402 palam
680 2353 720 2386 et
742 2343 854 2388 clarc
878 2344 1089 2390 detestata
1108 2356 1184 2390 est.
1202 2350 1313 2392 Nam
1330 2358 1370 2392 et
1390 2365 1528 2392 avun-

166 2419 290 2463 culus
323 2421 462 2480 major
495 2424 714 2483 Augustus
743 2423 845 2484 quid
878 2423 930 2468 dc
951 2441 1001 2468 eo
1027 2427 1070 2469 in
1105 2436 1334 2488 utramque
1360 2439 1525 2488 partem

168 2501 368 2560 opinatus
399 2501 471 2555 sit,
501 2518 588 2562 quo
615 2504 773 2547 certius
809 2516 1115 2564 cognoscatur,
1151 2508 1293 2567 capita
1318 2525 1368 2551 cx
1395 2509 1527 2569 ipsius

165 2578 360 2641 epistolis
385 2582 522 2641 posui.

229 2661 307 2705 IV.
335 2659 623 2707 «Collocutus
648 2680 741 2708 sum
760 2682 858 2709 cum
885 2667 1080 2722 'ribei-io,
1110 2678 1153 2711 ut
1178 2669 1414 2726 mandasti,
1434 2687 1526 2715 mca
