1971 3342
414 252 486 293 264
947 252 985 284 C.
1016 250 1245 285 SUETONlI

414 350 562 377 verum
602 350 688 376 non
727 333 1006 376 abhorrentia
1043 349 1066 376 a
1104 349 1179 376 sua
1215 341 1388 384 natura,
1423 330 1614 374 creditur
1643 330 1769 374 desti—

413 429 562 456 nasse:
590 429 853 456 successores
881 428 1242 472 percussoresque
1267 410 1533 455 summittere
1559 411 1771 454 exercitus

412 502 454 536 et
476 494 721 553 provincias
751 492 1023 552 regentibus,
1049 493 1169 551 quasi
1201 491 1480 551 conspiratis,
1508 489 1706 549 idemque
1730 499 1772 532 et

412 588 549 615 unum
562 572 845 616 sentientibus
860 588 868 614 ε
887 570 1094 630 quicquid
1114 571 1272 631 ubique
1285 568 1495 625 exsulum,
1507 567 1714 629 quicquid
1727 569 1770 612 in

414 652 533 695 Urbe
559 651 787 694 hominum
806 649 1118 711 gallicanorum
1138 660 1270 705 esset,
1295 648 1596 693 contrucidare
1619 666 1628 692 :
1647 648 1744 692 illos
1763 684 1773 703 ,

413 747 466 773 ne
486 730 838 774 desciscentibus
871 739 1230 791 aggregarentur,
1264 730 1367 784 hos,
1404 739 1452 772 ut
1473 728 1666 772 conscios
1697 745 1774 789 po-

414 808 633 868 pularium
669 826 847 854 suorum
885 820 1016 870 atque
1054 809 1242 853 fautores
1278 826 1288 852 :
1317 808 1483 853 Gallias
1518 808 1775 851 exercitibus

412 888 677 950 diripiendas
702 891 954 950 permittere
982 907 990 933 :
1012 899 1210 933 senatum
1239 889 1488 932 universum
1511 904 1677 932 veneno
1698 905 1776 948 per

412 969 613 1013 convivia
644 986 799 1013 necare
828 986 837 1012 :
868 969 1034 1012 Urbem
1066 968 1322 1024 incendere,
1356 968 1453 1011 seris
1486 969 1530 1010 in
1566 966 1775 1028 populum

414 1050 638 1106 immissis,
670 1065 757 1109 quo
785 1049 1004 1093 difficilius
1030 1048 1345 1092 defenderetur,
1381 1046 1464 1090 Sed
1492 1047 1746 1090 absterritus
1765 1082 1776 1101 ,

415 1144 502 1171 non
522 1138 612 1172 tam
635 1129 887 1188 poenitentia
900 1163 911 1185 ,
932 1144 1062 1188 quam
1077 1126 1329 1187 perficiendi
1350 1126 1667 1186 desperatione,
1687 1143 1777 1170 cre-

413 1207 605 1268 densque
631 1208 953 1269 expeditionem
979 1208 1261 1251 necessariam
1277 1241 1288 1261 ,
1314 1204 1511 1250 consules
1538 1215 1637 1250 ante
1668 1215 1776 1250 tem-

416 1304 495 1348 pus
513 1288 701 1348 privavit
717 1288 882 1331 honore
897 1322 908 1342 ,
927 1297 1059 1347 atque
1076 1288 1120 1330 in
1144 1287 1371 1346 utriusque
1388 1284 1532 1329 locum
1551 1284 1666 1329 solus
1684 1285 1780 1329 iniit

417 1366 718 1421 consulatum,
742 1368 864 1427 quasi
890 1365 1016 1410 fatale
1039 1376 1173 1421 esset,
1195 1382 1283 1409 non
1305 1381 1431 1426 posse
1456 1363 1619 1409 Gallias
1641 1363 1781 1408 debel-

418 1446 523 1503 lari,
545 1448 627 1491 nisi
649 1464 673 1491 a
697 1463 742 1490 se
767 1446 960 1491 consule.
984 1449 1043 1490 Ac
1066 1445 1272 1505 susceptis
1293 1444 1481 1488 fascibus
1496 1479 1506 1499 ,
1524 1461 1659 1504 quum
1682 1455 1774 1504 posi

417 1525 566 1587 epulas
597 1525 786 1570 triclinio
821 1525 1147 1586 digrederetur,
1178 1526 1351 1567 innixus
1378 1523 1568 1567 humeris
1594 1522 1778 1567 familia-

418 1607 555 1661 rium,
584 1606 837 1662 affirmavit,
865 1604 1030 1648 «simul
1055 1621 1103 1648 ac
1119 1605 1308 1664 primum
1324 1603 1593 1663 provinciam
1612 1604 1778 1664 attigis-

418 1696 504 1741 set,
524 1687 732 1730 inermem
762 1702 805 1729 se
836 1686 877 1728 in
897 1694 1176 1745 conspectum
1200 1683 1467 1726 exercituum
1490 1681 1780 1741 proditurum,

419 1782 496 1810 nec
533 1767 766 1826 quicquam
812 1764 928 1808 aliud
970 1780 1099 1824 quam
1135 1763 1357 1816 fleturum3
1402 1762 1696 1821 revocatisque
1725 1760 1779 1805 ad

419 1846 718 1906 poenitentiam
733 1844 1023 1888 defectoribus
1037 1878 1048 1900 ,
1068 1842 1265 1903 sequenti
1282 1841 1350 1885 die
1368 1840 1513 1885 laetum
1534 1841 1646 1885 inter
1662 1840 1780 1884 laetos

417 1935 696 1969 cantaturum
722 1925 930 1985 epinicia,
954 1939 1049 1983 quae
1073 1923 1162 1983 jam
1184 1937 1300 1965 nunc
1325 1921 1404 1964 sibi
1430 1921 1633 1980 componi
1652 1936 1782 1981 opor-

417 2014 569 2049 teret.»

479 2087 637 2128 XLIV.
682 2087 734 2127 In
771 2082 1053 2144 praeparanda
1093 2080 1368 2142 expeditione
1410 2082 1591 2141 primam
1634 2097 1782 2125 curam

420 2164 572 2208 habuit
588 2163 807 2224 deligendi
824 2162 1020 2207 vehicula
1038 2161 1263 2222 portandis
1281 2162 1456 2205 scenicis
1475 2162 1662 2222 organis,
1681 2178 1780 2205 con-

419 2243 711 2303 cubinasque,
740 2259 846 2303 quas
873 2258 1017 2286 secum
1045 2241 1271 2298 educeret,
1298 2240 1507 2285 tondendi
1529 2240 1584 2284 ad
1613 2239 1780 2284 virilem

421 2323 624 2378 modum,
666 2333 707 2365 et
736 2322 956 2366 securibus
992 2321 1204 2382 peltisque
1240 2321 1500 2364 amazonicis
1528 2319 1779 2364 instruendi.

418 2405 525 2447 Mox
561 2402 699 2445 tribus
740 2402 927 2445 urbanas
962 2400 1017 2445 ad
1056 2410 1372 2445 sacramentum
1396 2400 1562 2455 citavit;
1590 2416 1638 2444 ac
1660 2398 1780 2443 nullo

419 2482 576 2526 idoneo
592 2481 897 2543 respondente,
914 2490 1077 2525 certum
1100 2480 1287 2523 dominis
1302 2496 1527 2524 servorum
1548 2495 1776 2523 numerum

420 2563 596 2619 indixit3
617 2579 719 2618 nec,
740 2563 887 2606 nisiex
907 2570 997 2605 tota
1021 2560 1232 2620 cujusque
1253 2559 1412 2604 familia
1435 2560 1782 2620 probatissimos,

424 2658 475 2683 ne
500 2642 869 2701 dispensatoribus
897 2640 1071 2700 quidem
1104 2649 1179 2683 aut
1203 2639 1538 2683 amanuensibus
1570 2640 1782 2699 exceptis,
