1971 3342
439 233 452 254 1
462 220 507 255 08
950 223 987 256 C.
1016 222 1241 257 SUETONII

434 304 518 346 rire
548 319 557 345 :
589 313 785 347 senatum
819 305 1069 347 exterritum
1102 305 1315 348 censuisse
1346 319 1399 346 ne
1431 304 1526 362 quis
1559 302 1633 347 illo
1664 319 1778 347 anno

435 383 604 442 genitus
632 382 906 439 educaretur3
929 400 1020 439 eos,
1045 384 1119 443 qui
1143 383 1339 445 gravidas
1366 399 1520 427 uxores
1546 383 1779 437 haberent,

435 461 551 522 quod
586 461 640 505 ad
678 479 721 506 se
758 463 937 522 quisque
973 479 1090 522 spem
1122 463 1337 519 traheret,
1369 479 1541 507 curasse
1573 479 1627 506 ne
1659 478 1781 506 sena-

435 541 752 585 tusconsultum
794 540 848 584 ad
887 542 1083 585 aerarium
1129 541 1379 586 deferretur.
1423 544 1476 586 In
1516 540 1782 602 Asclepiadis

432 621 644 665 Mendetis
675 616 1007 679 Θεολογουμὲνων
1051 619 1170 665 libris
1208 620 1329 682 legO,
1362 622 1528 677 Atiam,
1563 637 1698 680 quum
1733 619 1784 663 ad

434 700 637 744 sollemne
661 699 872 762 Apollinis
896 717 1064 744 sacrum
1094 700 1234 744 media
1259 710 1383 744 nocte
1409 701 1620 755 venisset,
1646 699 1785 759 posita

435 780 477 822 in
503 779 664 840 templo
693 779 869 834 lectica,
893 780 996 823 dum
1028 788 1176 824 ceterae
1201 790 1408 824 matronae
1436 780 1613 824 domum
1643 780 1779 834 irent,

434 858 722 913 obdormisse;
749 859 979 904 draconem
1005 869 1182 920 repente
1210 860 1429 920 irrepsisse
1453 859 1506 903 ad
1531 876 1646 914 eam,
1674 874 1780 919 pau-

433 937 560 997 loque
586 948 680 999 post
708 956 953 1000 egressum3
982 939 1185 999 illamque
1211 939 1578 1001 expergefactam,
1608 939 1728 999 quasi
1758 954 1782 980 a

433 1019 666 1061 concubitu
700 1020 866 1075 mariti,
897 1019 1143 1080 purificasse
1175 1035 1218 1062 se
1244 1036 1254 1062 ε
1284 1029 1326 1063 et
1354 1020 1498 1063 statim
1526 1020 1570 1062 in
1597 1035 1781 1079 corpore

433 1098 522 1156 ejus
562 1098 772 1142 exstitisse
810 1098 1049 1153 maculam,
1086 1097 1205 1142 velut
1242 1099 1400 1158 depicti
1435 1098 1662 1153 draconis,
1701 1114 1781 1141 nec

432 1177 621 1236 potuisse
653 1193 844 1237 unquam
879 1179 1016 1238 exigi,
1047 1177 1152 1221 adeo
1180 1187 1229 1220 ut
1257 1194 1358 1221 mox
1390 1176 1574 1237 publicis
1605 1175 1786 1221 balineis

434 1266 644 1316 perpetuo
667 1257 926 1300 abstinuerit
950 1274 958 1300 :
981 1260 1226 1318 Augustum
1250 1266 1399 1300 natum
1422 1273 1570 1300 mense
1593 1255 1786 1313 decimo,

433 1344 475 1378 et
507 1335 561 1378 ob
595 1335 676 1378 hoc
708 1335 919 1395 Apollinis
953 1336 1091 1379 filium
1127 1337 1431 1379 existimatum.
1467 1335 1630 1379 Eadem
1662 1337 1787 1391 Atia,

434 1414 553 1474 prius
585 1431 713 1474 quam
748 1424 939 1474 pareret,
969 1416 1222 1472 somniavit,
1252 1415 1455 1458 intestina
1489 1431 1565 1458 sua
1597 1414 1697 1458 ferri
1732 1414 1784 1458 ad

435 1492 594 1550 sidera,
622 1493 910 1555 explicarique
936 1511 1012 1554 per
1037 1512 1207 1539 omnem
1234 1505 1445 1538 terrarum
1465 1503 1505 1538 et
1529 1493 1624 1538 coeli
1652 1495 1788 1538 ambi-

436 1583 540 1616 tum.
579 1575 819 1617 Somniavit
856 1584 898 1618 et
932 1585 1054 1636 pater
1089 1576 1321 1632 Octavius,
1364 1584 1486 1618 utero
1521 1576 1629 1619 Atiae
1660 1574 1789 1634 jubar

433 1653 531 1696 solis
571 1664 782 1698 exortum.
820 1657 922 1712 Quo
957 1665 1082 1699 natus
1117 1665 1181 1699 est
1215 1656 1302 1711 die,
1335 1672 1470 1715 quum
1507 1655 1558 1698 de
1592 1653 1788 1698 Catilinae

433 1733 731 1792 conjuratione
761 1743 961 1795 ageretur
994 1736 1037 1778 in
1069 1736 1211 1790 curia,
1242 1745 1284 1779 et
1316 1735 1524 1780 Octavius
1555 1734 1611 1778 ob
1645 1734 1791 1777 uxoris

432 1814 709 1873 puerperium
747 1814 883 1857 serius
920 1814 1134 1870 affuisset,
1170 1823 1274 1858 nota
1309 1831 1357 1858 ac
1392 1813 1568 1875 vulgata
1602 1830 1668 1857 res
1704 1823 1790 1867 est,

433 1893 479 1935 P.
509 1893 756 1953 Nigidium,
785 1904 1007 1954 comperta
1035 1911 1166 1938 morae
1191 1911 1339 1950 causa,
1366 1903 1413 1937 ut
1437 1895 1589 1937 horam
1617 1909 1789 1953 quoque

433 1982 581 2032 partus
618 1974 851 2033 acceperit,
888 1973 1147 2029 affirmasse,
1185 1973 1408 2015 dominum
1443 1982 1659 2016 terrarum
1692 1973 1787 2016 orbi

436 2063 598 2096 natum.
624 2054 806 2097 Octavio
828 2063 995 2113 postca,
1020 2069 1154 2112 quum
1178 2069 1255 2112 per
1278 2062 1441 2096 secreta
1462 2053 1656 2096 Thraciae
1675 2069 1791 2096 exer-

434 2132 566 2175 citum
597 2133 792 2187 duceret,
818 2133 861 2175 in
889 2133 1033 2176 Liberi
1060 2133 1195 2192 patris
1221 2132 1319 2176 luco
1344 2133 1527 2176 barbara
1554 2133 1790 2177 cerimonia

433 2211 484 2254 de
509 2211 595 2254 filio
619 2211 880 2266 consulenti,
906 2212 1017 2255 idem
1042 2212 1304 2256 affirmatum
1327 2221 1391 2256 est
1413 2228 1437 2255 a
1461 2212 1754 2256 sacerdotibus
1778 2229 1788 2256 :

432 2291 571 2350 quod,
601 2291 742 2334 infuso
771 2309 899 2352 super
928 2291 1079 2335 altaria
1110 2308 1249 2347 mero,
1282 2301 1449 2335 tantum
1475 2291 1656 2336 flammae
1681 2292 1785 2335 emi-

432 2371 606 2427 cuisset,
630 2381 678 2414 ut
695 2387 970 2432 supergressa
992 2370 1209 2432 fastigium
1230 2370 1378 2431 templi
1398 2370 1452 2414 ad
1473 2370 1628 2415 coelum
1652 2387 1787 2430 usquc

433 2450 643 2507 serretur3
684 2451 845 2510 unique
886 2446 1055 2512 [olim]
1097 2451 1275 2493 omnino
1314 2452 1477 2512 Magno
1514 2450 1786 2506 Alexandro,

431 2529 545 2589 apud
566 2529 737 2573 casdem
765 2547 860 2574 aras
885 2529 1165 2584 sacrificanti,
1193 2529 1328 2572 simile
1352 2530 1621 2590 provenisset
1645 2538 1787 2572 osten—

433 2617 535 2651 tum.
571 2612 706 2667 Atque
736 2611 863 2652 ctiam
897 2609 1135 2667 insequenti
1169 2611 1310 2651 statim
1342 2619 1463 2652 nocte
1494 2608 1637 2651 videi-c
1671 2609 1787 2652 visus
