1988 3439
727 263 971 300 TIBERIUS.
1473 263 1540 302 131

163 347 238 393 sed
256 349 370 393 vitiis
383 348 707 408 virtutibusque
719 347 883 392 Tiberii
900 348 1146 409 perpensis,
1162 349 1353 409 potiores
1372 349 1546 395 duxisse

162 431 347 474 virtutes
377 447 387 473 z
415 429 658 491 praesertim
687 445 825 489 quum
856 438 898 472 et
928 448 949 470 ε(
969 427 1221 490 reipublicae
1252 445 1380 474 causa
1409 431 1546 492 adop-

164 519 257 554 tare
291 526 335 554 se
370 525 489 564 eum,
508 528 529 549 n
558 524 639 569 pro
676 509 887 552 concione
916 509 1152 569 juraverit,
1180 518 1223 552 ct
1250 510 1442 570 epistolis
1469 510 1548 555 ali-

163 600 292 651 quot,
312 600 362 634 ut
379 589 693 651 peritissimum
713 590 774 633 rei
791 588 1017 646 militaris,
1039 599 1175 650 utque
1197 590 1376 634 unicum
1396 590 1549 652 populi

164 673 334 717 romani
357 671 629 734 praesidium,
650 681 954 733 prosequatur.
974 674 1042 716 Ex
1061 672 1219 733 quibus
1236 672 1279 716 in
1299 671 1550 733 exemplum

164 769 302 814 pauca
325 752 428 796 hinc
447 751 549 796 inde
567 752 730 813 subjeci
751 769 760 795 ε
787 771 809 793 «
828 751 961 809 Vale,
981 752 1300 813 jucundissime
1318 752 1486 810 Tiberi,
1508 762 1550 796 et

161 832 345 878 feliciter
370 850 464 878 rem
492 850 592 896 gere
608 868 620 891 ,
648 832 741 892 ἐμοὶ
769 843 840 879 καί
866 842 955 886 ταῖς
978 829 1174 885 Μούσαις
1200 841 1454 893 στρατηγῶν.
1477 837 1552 879 Ju-

162 913 451 972 cundissime,
481 924 543 972 et,
573 915 634 958 ita
663 916 744 959 sim
775 914 897 971 felix,
924 917 993 960 vir
1019 915 1280 973 fortissime,
1308 924 1351 960 et
1375 915 1464 960 dux
1489 933 1550 961 vo-

157 988 413 1053 μιμώτατε,
455 994 600 1040 vale.»
639 998 720 1052 Et,
757 996 1012 1042 «Ordinem
1049 997 1300 1041 aestivorum
1339 994 1550 1041 tuorum!

160 1078 254 1138 Ego
281 1092 406 1132 vero,
436 1077 497 1120 mi
524 1077 700 1135 Tiberi,
734 1087 777 1122 et
809 1078 925 1122 inter
959 1087 1026 1122 tot
1062 1094 1212 1121 rerum
1244 1076 1551 1134 difficultates,

160 1163 229 1201 καὶ
257 1152 457 1214 ‘cova-„itm
485 1155 711 1217 ῥᾳθυμίαν
742 1166 817 1203 τῶν
849 1153 1196 1217 στρατευομὲνων,
1234 1174 1323 1201 non
1359 1158 1553 1218 potuisse

161 1253 427 1298 quemquam
452 1238 713 1300 prudentius
744 1256 894 1301 gerere
915 1257 983 1297 se,
1011 1255 1143 1301 quam
1168 1248 1214 1282 tu
1238 1239 1438 1299 gesseris,
1463 1239 1551 1282 exi-

163 1318 304 1362 stimo.
321 1319 377 1363 Hi
396 1336 595 1380 quoque,
617 1320 691 1381 qui
710 1330 853 1365 tecum
878 1321 1078 1377 fuerunt,
1098 1338 1248 1366 omncs
1269 1320 1549 1376 confitentur,

164 1413 337 1441 versum
365 1397 490 1442 illum
519 1400 562 1442 in
590 1409 632 1443 te
656 1417 783 1461 posse
808 1400 893 1444 dici
918 1418 926 1444 :

316 1527 423 1562 Unus
451 1527 567 1562 homo
593 1528 704 1563 nobis
729 1529 926 1576 vigilando
955 1530 1115 1565 restituit
1141 1542 1231 1565 rem.

161 1643 260 1687 Sive
293 1641 401 1703 quid
434 1641 610 1698 incidit,
650 1643 704 1690 de
739 1660 826 1704 quo
860 1645 915 1688 sit
950 1643 1233 1705 cogitandum
1272 1643 1550 1705 diligentius,

162 1724 251 1768 sive
288 1722 396 1784 quid
427 1724 704 1781 stomachor,
738 1723 884 1780 valde,
925 1724 1094 1768 medius
1139 1723 1288 1780 fidius,
1323 1723 1549 1768 Tiberium

163 1819 308 1848 meum
332 1802 532 1848 desidero
557 1821 565 1847 :
597 1806 901 1866 succurritque
928 1822 1075 1850 versus
1100 1803 1171 1849 ille
1196 1805 1459 1849 Homericus
1481 1822 1490 1848 ε

319 1947 438 1979 Tatina
465 1943 497 1979 δ’·
522 1947 727 1991 &extiti-ozie,
747 1948 801 1980 κειὶ
826 1949 859 1980 ἐν.
881 1950 974 1992 πρὶς
996 1949 1171 1992 albeni-‘212

313 2001 416 2054 Ᾰμφω
441 2009 673 2054 νοστήσαιμεν,
700 2010 767 2042 ἐπεὶ
793 2012 864 2054 πέρ’.
893 2006 959 2042 εἶδε
986 2015 1108 2046 azio-zv..

161 2129 453 2171 Attenuatum
477 2137 520 2171 te
543 2144 634 2172 esse
655 2128 988 2172 continuatione
1011 2126 1237 2182 laborum,
1263 2145 1400 2188 quum
1418 2127 1549 2172 audio

160 2217 204 2251 ct
227 2206 345 2268 lego,
370 2207 430 2250 dii
455 2224 523 2251 me
546 2207 753 2268 perdant,
779 2209 861 2252 nisi
887 2209 1157 2253 cohorrescit
1182 2225 1341 2269 corpus
1369 2225 1515 2252 meum
1539 2226 1547 2251 t

162 2298 290 2348 teque
321 2304 450 2349 rogo,
484 2297 533 2331 ut
566 2304 719 2347 parcas
744 2289 822 2331 tibi
852 2305 860 2331 :
891 2305 966 2341 nc,
994 2290 1027 2332 si
1060 2298 1101 2332 tc
1129 2288 1338 2350 languere
1363 2289 1552 2334 audieri-

161 2385 259 2412 mus
275 2402 286 2423 ‚
312 2377 353 2412 et
376 2384 457 2429 ego
484 2378 527 2411 ct
552 2377 692 2411 mater
719 2377 790 2411 tua
812 2369 1083 2429 exspiremus
1101 2404 1112 2419 ,
1135 2379 1176 2413 ct
1203 2369 1257 2413 de
1280 2387 1450 2416 summa
1476 2372 1552 2414 im-

162 2450 270 2510 perii
307 2450 374 2493 sui
413 2447 604 2510 populus
642 2465 849 2492 romanus
876 2447 1160 2509 periclitetur.
1188 2451 1315 2495 Nihil
1345 2453 1550 2500 interest,

162 2528 328 2574 valeam
368 2531 459 2591 ipse
494 2545 573 2573 nec
601 2546 678 2585 nc,
719 2531 751 2573 si
788 2540 833 2573 tu
871 2547 958 2573 non
992 2529 1168 2574 valebis.
1197 2535 1313 2576 Deos
1343 2532 1550 2584 obsecro,

163 2620 212 2655 ut
236 2621 279 2656 te
300 2612 424 2655 nobis
448 2621 729 2666 conservent,
754 2621 796 2654 ct
820 2610 963 2654 valere
989 2628 1109 2656 nunc
1133 2623 1176 2656 ct
1199 2629 1368 2673 semper
1386 2613 1552 2673 patian-

165 2701 255 2746 tur,
281 2694 315 2736 εἰ
339 2708 428 2735 non
456 2690 668 2753 populum
696 2708 925 2735 romanum
952 2694 1094 2753 perosi
1121 2703 1234 2736 sunt.
1262 2714 1281 2733 x>

1313 2792 1354 2834 9.
