1971 3342
383 246 450 269 220
914 240 949 273 (1.
979 239 1208 274 SUETONH

377 320 429 362 de
446 320 633 379 praemiis
657 321 1029 380 tyrannicidarum
1056 322 1332 365 referendum
1355 323 1534 367 censuit.
1556 325 1747 366 Praetura

378 399 533 442 deinde
561 399 761 457 functus,
789 418 923 460 quum
950 402 1068 444 exitu
1092 403 1193 445 anni
1220 402 1433 446 discordia
1454 403 1567 446 inter
1582 403 1751 446 Trium-

1661 482 1752 543 gni-

377 559 457 602 bus
473 592 484 614 ,
510 561 559 603 L.
590 561 832 604 Antonium
857 560 1079 604 consulem
1096 597 1107 616 ,
1135 562 1351 605 triumviri
1375 562 1575 618 fratrem,
1598 561 1649 605 ad
1677 563 1754 605 Pe-

376 479 491 522 viros
515 490 664 523 exorta
683 491 815 536 esset;
837 482 1014 524 retentis
1042 480 1157 524 ultra
1181 482 1349 541 justum
1380 493 1550 543 tempus
1576 482 1657 525 insi

377 640 539 682 rusiam
581 649 781 697 secutus,
826 640 1044 684 deditione
1077 658 1102 684 a
1137 643 1288 685 ceteris
1326 642 1464 698 facta,
1501 640 1618 685 solus
1656 658 1755 702 per-

378 720 534 762 mansit
566 720 608 761 in
643 720 869 779 partibus,
901 736 951 763 ac
986 721 1126 781 primo
1149 724 1381 778 Praeneste,
1413 722 1513 766 inde
1540 720 1754 782 Neapolin

377 799 537 853 evasit3
568 800 787 859 servisque
816 800 870 844 ad
899 800 1061 862 pileum
1093 802 1253 846 frustra
1281 804 1469 858 vocatis,
1498 804 1541 846 in
1567 801 1756 846 Siciliam

378 878 585 939 profugit.
621 881 703 923 Sed
737 880 913 941 indigne
944 881 1106 939 ferens,
1132 900 1211 927 nec
1239 884 1383 927 statim
1408 900 1451 927 se
1478 885 1521 927 in
1549 900 1757 943 conspec-

380 966 472 1000 tum
487 960 582 1002 Sex.
602 961 797 1021 Pompeii
813 961 1073 1019 admissum,
1097 973 1139 1006 et
1163 964 1343 1006 fascium
1363 980 1443 1007 usu
1461 964 1732 1024 prohibitum
1748 997 1759 1019 ,

378 1037 432 1080 ad
463 1041 525 1082 Μ.
562 1042 805 1084 Antonium
834 1043 1003 1102 trajecit
1032 1044 1074 1086 in
1103 1044 1324 1088 Achaiam.
1357 1046 1470 1088 Cum
1498 1061 1609 1103 quo,
1638 1044 1760 1086 brevi

378 1119 654 1163 reconciliata
684 1122 796 1165 inter
826 1139 977 1167 omnes
1003 1140 1128 1183 pace,
1158 1127 1344 1167 Romam
1374 1123 1529 1181 rediit,
1560 1140 1762 1167 uxorem-

380 1215 464 1258 que
493 1201 664 1244 Liviam
695 1201 959 1259 Drusillam,
987 1213 1030 1246 et
1057 1212 1162 1247 tune
1190 1203 1437 1264 gravidam,
1466 1213 1509 1247 et
1542 1212 1643 1247 ante
1673 1203 1763 1263 jam

381 1280 498 1339 apud
531 1297 574 1324 se
605 1280 745 1324 filium
777 1283 971 1340 enixam,
1001 1284 1166 1344 petenti
1193 1286 1393 1344 Augusto
1419 1284 1643 1327 concessit.
1669 1285 1764 1328 Nee

383 1359 523 1403 multo
562 1372 661 1421 post
698 1362 813 1406 diem
847 1364 982 1419 obiit,
1016 1374 1204 1424 utroque
1241 1363 1477 1407 liberorum
1511 1364 1764 1424 superstite,

382 1439 558 1483 Tiberio
583 1445 817 1503 Drusoque
841 1444 1103 1488 Neronibus.

450 1523 504 1565 V.
535 1522 760 1567 Tiberium
789 1524 967 1584 quidam
995 1524 1159 1569 Fundis
1191 1535 1345 1569 natum
1382 1526 1766 1578 existimaverunt,

384 1603 519 1645 secuti
547 1602 685 1647 levem
708 1605 1028 1664 conjecturam,
1051 1606 1170 1666 quod
1195 1616 1390 1651 materna
1416 1607 1507 1667 ejus
1534 1606 1629 1649 avia
1650 1609 1768 1649 Fun-

385 1682 498 1725 dana
524 1683 681 1741 fuerit,
712 1695 755 1728 et
778 1686 896 1745 quod
920 1703 1021 1730 mox
1046 1686 1324 1730 simulacrum
1355 1686 1592 1730 Felicitatis
1627 1703 1678 1729 ex
1708 1702 1769 1729 se-

384 1766 718 1809 natusconsulto
743 1766 1016 1827 publicatum
1044 1767 1102 1810 ibi
1130 1768 1195 1811 sit.
1219 1767 1303 1811 Sed
1320 1802 1331 1824 ,
1356 1777 1405 1810 ut
1435 1766 1583 1827 plures
1608 1767 1767 1810 certio·

383 1860 539 1903 resque
572 1846 774 1903 tradunt,
801 1857 930 1891 natus
951 1858 1014 1891 est
1032 1851 1184 1892 Romae
1203 1849 1247 1891 in
1266 1846 1454 1902 Palatio,
1479 1846 1768 1891 sextodecimo

382 1922 592 1967 kalendas
619 1924 886 1982 decembris,
917 1930 978 1971 M.
1004 1927 1180 1971 AEmilio
1203 1927 1369 1987 Lepido
1391 1928 1573 1983 iterum,
1597 1928 1647 1969 L.
1670 1928 1770 1969 Mu-

385 2004 506 2046 natio
536 2003 700 2049 Planco
737 2006 1012 2063 consulibus,
1045 2016 1143 2067 post
1174 2006 1337 2050 bellum
1372 2005 1665 2067 Philippense.
1698 2007 1768 2050 Sic

387 2084 502 2125 enim
534 2086 577 2127 in
612 2085 744 2128 fastos
773 2095 955 2146 actaque
983 2085 1158 2146 publiea
1188 2086 1375 2130 relatum
1398 2096 1474 2130 est.
1503 2088 1595 2132 Nec
1623 2097 1769 2131 tamen

388 2162 569 2219 desunt,
595 2165 669 2224 qui
696 2166 856 2226 partim
885 2165 1168 2210 antecedente
1197 2183 1340 2223 anno,
1366 2167 1501 2210 Hirtii
1527 2183 1577 2210 ac
1598 2169 1768 2222 Pansae,

388 2244 547 2302 partim
582 2245 854 2305 insequente,
888 2245 1058 2289 Servilii
1093 2247 1274 2290 Isaurici
1312 2247 1581 2307 Antoniique
1612 2264 1769 2291 consu-

389 2322 479 2366 latu
496 2358 507 2379 ,
536 2326 731 2385 genitum
754 2343 852 2369 eum
877 2327 1079 2370 scribant.
1776 2318 1782 2323 ο

455 2406 529 2447 VI.
556 2405 790 2449 Infantiam
811 2408 1131 2467 pueritiamque
1149 2408 1300 2450 babuit
1320 2406 1578 2452 laboriosam
1593 2417 1636 2451 et
1653 2423 1770 2450 exer-

390 2485 545 2539 citam,
582 2503 725 2530 comes
759 2504 1071 2547 usquequaque
1103 2498 1334 2547 parentum
1367 2487 1514 2549 fugae:
1542 2504 1650 2547 quos
1673 2487 1769 2547 qui-

393 2564 490 2606 dem
521 2567 634 2625 apud
670 2567 907 2627 Neapolin,
941 2568 1020 2610 sub
1058 2568 1345 2627 irruptionem
1380 2568 1514 2611 hostis
1550 2566 1769 2626 navigium

392 2661 399 2683 ι
419 2643 499 2685 lam
520 2656 734 2703 petentes,
757 2649 902 2707 vagitu
922 2665 999 2690 suo
1018 2665 1134 2707 paene
1157 2650 1217 2689 bis
1240 2648 1449 2707 prodidit,
1470 2645 1613 2702 semel,
1634 2663 1768 2705 quum
