1971 3342
475 292 517 338 jv
1065 289 1274 326 NOTITIA

479 375 523 416 in
551 371 781 433 propatulo
807 372 957 433 ponit,
981 371 1132 416 eadem
1156 372 1293 415 animi
1319 368 1634 431 tranquillitate
1655 386 1742 430 qua
1764 371 1853 415 Titi

477 453 598 497 dotes
623 453 833 514 egregias.

539 534 665 578 Vitas
688 535 909 578 Caesarum
925 532 1085 593 excipit
1108 531 1218 576 liber
1242 531 1296 576 de
1318 530 1558 576 illustribus
1579 531 1856 575 Grammati-

472 614 554 668 cis,
580 630 753 658 necnon
779 612 890 656 alter
911 612 967 657 de
992 612 1128 657 claris
1160 610 1439 656 Rlzeton‘bas.

537 693 669 738 Unde
693 693 793 752 jure
817 691 996 753 colligas
1019 692 1279 736 Suetonium
1295 691 1639 752 grammaticum
1659 690 1789 735 fuisse
1812 701 1854 735 et

474 773 706 818 rhetorem.
735 776 788 817 In
818 773 886 816 his
918 771 1040 816 libris
1081 770 1299 832 permulta
1326 771 1505 815 habebis
1543 770 1596 815 de
1633 770 1853 815 litterariae

472 854 534 896 rei
562 852 681 914 apud
708 853 888 897 Latinos
915 852 1123 907 historia,
1154 868 1251 911 quae
1277 867 1493 911 nusquam
1517 850 1621 894 alibi
1647 851 1850 911 reperias.

471 935 623 978 Genus
652 950 753 977 vero
783 932 957 977 dicendi
1000 931 1281 975 emendatum
1311 930 1487 991 quidem
1516 939 1558 974 et
1593 917 1852 986 candidum,

469 1013 543 1057 sed
569 1021 698 1058 tenue
722 1023 765 1057 et
792 1012 1018 1073 jejunum3
1040 1010 1258 1072 judicium
1283 1021 1473 1062 rectum,
1509 1020 1554 1054 at
1580 1027 1754 1071 semper
1778 1009 1853 1055 fri-

469 1108 675 1152 gescens3
701 1109 768 1136 res
790 1092 1023 1152 diligenter
1044 1092 1274 1153 expositae,
1300 1090 1555 1135 subtilitatis
1582 1107 1752 1151 parum.

530 1174 657 1230 Quos
683 1172 818 1216 libros
854 1172 1184 1232 subsequuntur
1211 1171 1434 1223 Terentii,
1462 1169 1709 1225 Juvenalis‚
1743 1180 1850 1224 etc.‚

464 1253 563 1296 vitae
585 1270 593 1296 :
620 1269 644 1296 a
666 1252 946 1313 peritioribus
974 1252 1137 1294 criticis
1162 1251 1471 1294 existimantur
1491 1266 1583 1294 esse
1603 1249 1849 1310 fragmenta

463 1332 690 1394 amplioris
730 1332 898 1392 operis,
938 1330 1057 1389 quod
1094 1329 1161 1373 vel
1204 1330 1503 1389 interruptum
1539 1329 1726 1389 pendet,
1780 1327 1846 1373 vel

463 1422 662 1456 nostram
690 1427 828 1471 usque
852 1409 907 1454 ad
932 1419 1101 1454 aetatem
1130 1425 1221 1452 non
1248 1410 1449 1469 pervenit
1477 1410 1714 1469 integrum.

469 1519 471 1521 -
526 1491 657 1536 Plinii
684 1492 820 1535 vitam
855 1489 1066 1534 Suetonio
1093 1488 1320 1549 indignam
1354 1490 1648 1550 pronuntiant
1683 1492 1846 1535 Casau-

461 1573 603 1616 bonus
631 1581 674 1615 et
695 1571 902 1626 Vossius,
929 1569 982 1613 de
1006 1569 1090 1613 hoc
1110 1567 1239 1629 plane
1265 1568 1491 1613 audiendi.

797 1839 947 1868 OPERA
978 1839 1194 1869 SUETONII
1224 1839 1502 1869 DEPERDITA.

536 1953 565 1987 Ι.
592 1951 705 1988 Liber
724 1963 820 1986 unus
845 1951 891 1985 cle
923 1951 1041 1985 Ludis
1074 1950 1301 1985 Graecorum.
1330 1950 1463 1985 Suidas
1492 1949 1532 1985 in
1558 1957 1772 2002 Τράγκυλλον.
1790 1973 1842 1980 --

645 2020 846 2064 Τράγκυλλος
882 2020 896 2051 ὁ
926 2019 1109 2055 Σιυητόνιος
1146 2018 1375 2062 χρηματίσας,
1409 2019 1636 2062 ’γραμματικὸς
1668 2011 1840 2065 ῥωμαῖος,

645 2080 763 2125 ἔγραψε
783 2079 854 2124 περὶ
876 2084 937 2111 τῶν
962 2082 1038 2123 παρ’
1059 2071 1177 2114 iim-noi
1198 2075 1340 2111 παιδιῶν
1362 2075 1483 2111 &aelim
1504 2079 1535 2111 οί.

507 2147 555 2184 Π.
584 2145 690 2181 Libri
705 2145 782 2180 duo
796 2145 843 2179 cle
865 2144 1099 2191 Spectaculis
1119 2150 1154 2177 et
1165 2143 1425 2178 certaminibus
1438 2145 1703 2180 Romanorum.
1717 2145 1838 2191 Idem,

642 2199 665 2233 l.
687 2211 718 2233 c.
747 2210 755 2232 Ζ
782 2202 857 2247 Περὶ
880 2207 942 2235 τῶν
963 2202 1054 2247 παρὰ
1077 2194 1237 2246 ῥωμαίεις
1261 2205 1414 2246 θεωρικῶν
1439 2201 1494 2235 καὶ
1512 2202 1642 2248 ἀγώνων
1665 2201 1776 2238 ῧιὲλία.
1800 2205 1839 2246 β’.

638 2261 784 2295 Horum
803 2258 974 2293 meminit
992 2257 1144 2294 Servius
1157 2259 1212 2292 ad
1223 2259 1352 2307 Georg.
1366 2284 1376 2300 ,
1390 2258 1454 2293 lib.
1465 2270 1517 2293 111
1530 2286 1540 2304 ‚
1554 2271 1588 2294 v.
1604 2264 1653 2303 24
1669 2272 1677 2294 :
1691 2275 1706 2292 α
1720 2259 1837 2308 Apud

639 2321 802 2368 majores
829 2319 964 2356 theatri
999 2319 1139 2367 gradus
1159 2326 1308 2355 tantum
1334 2319 1500 2355 fuerunt.
1531 2321 1622 2356 Nam
1654 2334 1762 2357 scena
1790 2321 1838 2357 de

638 2383 744 2432 ligno
767 2390 915 2418 tantum
937 2381 984 2418 ad
1004 2388 1151 2429 tempus
1171 2379 1305 2426 fiebat;
1327 2380 1430 2416 unde
1453 2372 1648 2430 hodieque
1659 2383 1836 2430 perman-

634 2444 680 2479 sit
711 2443 970 2486 consuetudo,
1007 2449 1048 2477 ut
1080 2448 1358 2489 componantur
1398 2449 1571 2489 pegmata
1604 2455 1625 2478 a
1655 2444 1832 2478 ludorum

635 2505 875 2540 theatralium
914 2503 1138 2540 editoribus.
1175 2504 1294 2538 Scena
1332 2508 1455 2536 autem
1489 2515 1571 2549 quae
1602 2502 1737 2548 fiebat,
1769 2511 1834 2539 aut

631 2568 776 2602 versilis
808 2573 886 2602 erat
901 2593 911 2610 ‚
937 2571 1003 2600 aut
1028 2564 1189 2600 ductilis.
1216 2562 1370 2598 Versilis
1392 2569 1483 2598 tunc
1503 2570 1600 2608 erat,
1625 2576 1745 2612 quum
1767 2578 1832 2601 su-

639 2628 719 2662 bito
751 2635 844 2663 tota>
860 2625 1042 2662 machinis
1075 2624 1303 2673 quibusdam
1329 2625 1634 2670 convertebatur,
1660 2633 1696 2662 et
1722 2627 1830 2663 aliam

637 2688 791 2735 picturae
823 2688 954 2723 faciem
974 2687 1208 2722 ostendebat.
1241 2686 1400 2721 Ductilis
1421 2693 1530 2732 tunc,
1559 2700 1676 2734 quum
1705 2690 1830 2725 tractis
