1971 3342
452 253 497 297 76
974 255 1011 290 e.
1042 255 1266 291 SUEToxn

451 332 531 377 lius
571 350 817 393 passurum,
860 335 959 378 fisco
1001 336 1165 379 detrahi
1207 336 1389 396 aliquid,
1437 354 1565 397 quam
1600 341 1784 385 civitatis

451 415 652 456 Romanae
676 412 840 474 vulgari
862 415 1082 457 honorem⁸
1097 434 1118 454 ›>
1142 418 1293 459 Servos
1316 433 1402 459 non
1430 427 1656 462 contentus
1677 420 1788 463 mul-

454 491 507 533 tis
532 490 852 535 difficultatibus
874 509 898 535 a
921 491 1136 549 libertate,
1159 503 1200 537 et
1225 495 1360 538 multo
1388 495 1581 555 pluribus
1607 514 1630 541 a
1656 497 1786 542 liber—

453 578 538 612 tate
553 570 666 629 justa
687 572 938 627 removisse3
966 589 1098 631 quum
1125 583 1167 616 et
1193 573 1244 617 de
1270 592 1450 618 numero
1484 586 1526 619 et
1558 577 1610 620 de
1635 577 1784 622 condi-

453 649 567 691 tione
594 665 641 691 ac
675 649 915 693 differentia
952 667 1120 705 eorum,
1145 653 1219 711 qui
1254 656 1679 711 manumitterentur,
1721 673 1793 700 cu-

454 729 562 769 riose
596 728 793 784 cavisset,
821 729 902 772 hoc
927 746 1097 790 quoque
1131 730 1304 791 adjecit,
1329 749 1381 776 ne
1407 734 1575 778 vinctus
1598 751 1789 794 unquam

454 814 644 849 tortusve
669 807 762 865 quis
796 806 883 850 ullo
912 806 1117 852 libertatis
1150 826 1305 869 genere
1341 812 1553 855 civitatem
1588 812 1793 873 adipisce-

455 893 585 926 retur.
621 886 759 928 Etiam
795 886 990 929 habitum
1014 889 1300 947 vestitumque
1326 891 1555 949 pristinum
1591 891 1795 935 reducere

456 961 629 1005 studuit.
667 966 728 1006 Ac
763 965 851 1007 visa
899 964 1115 1024 quondam
1165 984 1245 1026 pro
1285 969 1488 1011 concione
1533 968 1792 1029 pullatorum

456 1041 600 1096 turba,
624 1041 971 1101 indignabundus
994 1054 1035 1087 et
1057 1043 1302 1102 clamitans,
1328 1049 1414 1103 En,

581 1165 788 1210 Romanos,
810 1179 931 1201 rerum
953 1168 1141 1213 dominos,
1165 1177 1383 1217 gentemque
1405 1173 1582 1219 togatam!

458 1278 678 1338 negotium
704 1278 913 1323 AEdilihus
940 1280 1078 1337 dedit,
1103 1298 1155 1325 ne
1183 1299 1310 1341 quem
1342 1284 1518 1343 posthac
1546 1297 1799 1346 paterentur

458 1358 501 1399 in
539 1356 633 1400 foro
673 1359 863 1413 circove,
905 1359 985 1401 nisi
1033 1361 1178 1419 positis
1218 1360 1424 1419 lacernis,
1462 1374 1656 1425 togatum
1693 1384 1798 1410 con-

458 1435 616 1478 sistere.

520 1516 633 1557 XLI.
664 1516 983 1561 Liberalitatem
1001 1520 1200 1563 omnibus
1215 1521 1436 1566 ordinibus
1459 1541 1535 1583 per
1557 1525 1801 1569 occasiones

457 1592 703 1651 frequenter
724 1596 929 1639 exhibuit.
957 1598 1069 1641 Nam
1095 1608 1162 1654 et,
1187 1600 1355 1643 invecta
1376 1602 1485 1645 Urbi
1510 1602 1801 1648 Alexandrino

458 1672 679 1731 triumpho
703 1674 818 1734 regia
846 1691 968 1734 gaza,
996 1685 1159 1719 tantam
1187 1679 1354 1737 copiam
1381 1683 1630 1725 nummariae
1657 1683 1717 1725 rei
1746 1683 1801 1727 ef-

458 1749 576 1805 fecit,
603 1761 670 1805 ut,
703 1752 847 1795 fenore
879 1752 1121 1809 deminuto,
1152 1754 1387 1815 plurimum
1420 1775 1622 1818 agrorum
1654 1763 1802 1821 pretiis

457 1830 702 1884 accesserit,
726 1840 768 1874 et
794 1841 960 1891 postea,
988 1833 1154 1891 quoties
1177 1850 1227 1876 ex
1251 1833 1551 1881 damnatorum
1587 1840 1708 1884 bonis
1730 1857 1802 1901 pe-

456 1908 581 1950 cunia
610 1909 911 1968 superflueret,
938 1927 1064 1954 usum
1091 1914 1180 1971 ejus
1196 1916 1429 1974 gratuitum
1453 1917 1528 1976 iis,
1559 1919 1631 1976 qui
1654 1936 1802 1963 cavere

456 1986 499 2028 in
522 1986 703 2046 duplum
730 1999 923 2048 possent,
943 1990 996 2033 ad
1020 2002 1182 2035 certum
1209 2003 1376 2054 tempus
1400 1994 1589 2040 indulsit.
1618 1999 1800 2043 Senato-

456 2081 552 2106 rum
578 2082 753 2109 ccnsum
780 2067 1021 2126 ampliavit,
1047 2086 1096 2113 ac
1124 2087 1202 2129 pro
1236 2072 1581 2132 octingentorum
1616 2075 1800 2121 millium

456 2159 623 2186 summa
662 2144 890 2188 duodecies
931 2149 1124 2191 sestertio
1164 2151 1343 2206 taxavit,
1379 2151 1676 2214 supplevitque
1716 2173 1803 2200 non

456 2221 725 2265 habentibus.
752 2225 980 2284 Congiaria
1005 2226 1168 2286 populo
1198 2227 1445 2288 frequenter
1471 2231 1613 2287 dedit,
1640 2234 1712 2278 sed
1740 2234 1804 2278 di-

457 2316 585 2343 versae
623 2301 708 2344 sere
736 2319 912 2346 summae
937 2321 945 2346 ε
974 2305 1103 2349 modo
1130 2306 1472 2369 quadringenos,
1505 2311 1634 2355 modo
1672 2323 1805 2358 trece-

455 2396 557 2432 nos,
587 2396 899 2441 nonnunquam
928 2383 1114 2429 ducenos
1141 2387 1548 2450 quinquagenosque
1580 2408 1801 2437 nummos:

456 2475 504 2500 ac
537 2475 589 2501 ne
626 2461 810 2504 minores
844 2461 1018 2521 quidem
1045 2480 1202 2523 pueros
1232 2468 1458 2525 praeteriit,
1485 2471 1678 2529 quamvis
1713 2487 1801 2515 non

458 2539 536 2580 nisi
562 2539 613 2580 ab
635 2539 862 2584 undecimo
879 2542 1013 2585 aetatis
1036 2558 1149 2611 anno
1172 2545 1361 2604 accipere
1385 2558 1671 2592 consuessent.
1697 2553 1730 2593 F
1732 2568 1803 2594 ru-

458 2626 646 2659 mentum
690 2636 861 2678 quoque
900 2620 940 2662 in
978 2637 1157 2663 animone
1185 2623 1506 2669 difficultatibus
1541 2644 1648 2688 saepe
1682 2627 1802 2672 levis-
