1988 3407
566 265 733 301 PUBLu
763 263 1004 299 TERENTII
1036 263 1172 297 VITA.
1498 276 1566 309 ¹07

179 368 335 407 canus,
362 352 436 412 qui
463 367 486 394 a
513 349 718 394 Terentio
756 363 988 408 personam
1024 355 1279 403 mutuatus,
1319 364 1415 408 quae
1450 347 1568 392 domi

177 431 341 476 luserat
377 432 495 493 ipse,
525 430 703 475 nomine
729 426 846 473 illius
882 428 926 471 in
961 443 1138 472 scenam
1174 426 1345 471 detulit.
1372 448 1393 470 ι)
1419 430 1569 490 Nepos

177 522 357 558 auctore
381 522 503 558 certo
530 510 794 572 comperisse
813 525 857 553 se
881 510 964 566 ait,
989 510 1038 554 C.
1062 507 1248 554 Laelium
1276 508 1502 569 quondam
1527 511 1570 554 in

177 593 423 639 Puteolano
450 591 646 637 kalendis
675 591 844 635 martiis
874 589 1152 635 admonitum
1183 588 1237 633 ab
1265 605 1428 643 uxore,
1458 599 1569 633 tem-

176 676 329 736 porius
347 684 395 719 ut
407 672 724 729 discumberet,
752 672 929 733 petiisse
952 670 1006 715 ab
1021 687 1090 727 ea,
1112 686 1167 714 ne
1192 668 1569 730 interpellaretur:

178 756 316 800 serius
342 754 519 800 tandem
540 753 787 815 ingressum
813 751 1055 797 triclinium
1074 751 1254 807 dixisse,
1279 767 1368 794 non
1396 767 1506 812 saepe
1526 751 1572 794 in

177 835 412 880 scribendo
440 835 578 896 magis
617 834 876 879 successisse
918 833 1000 877 sibi
1030 850 1039 876 :
1072 831 1231 876 deinde
1263 841 1496 893 rogatum,
1524 841 1572 875 ut

176 916 338 977 scripta
362 914 436 960 illa
463 915 703 978 proferret,
739 915 1057 976 pronunciasse
1086 929 1235 957 versus
1253 947 1264 968 ,
1294 912 1369 972 qui
1401 922 1503 956 sunt
1529 912 1572 956 in

181 997 683 1042 Heautontimorumeno
712 1013 721 1039 :

277 1086 377 1124 Satis
400 1087 467 1135 pol
491 1094 670 1135 proterve
688 1099 748 1123 me
772 1087 856 1136 Syri
882 1086 1067 1135 promissa
1086 1086 1159 1122 huc
1178 1085 1420 1121 induxerunt.

241 1173 320 1216 IV.
342 1172 502 1216 Santra
515 1171 775 1216 Terentium
796 1171 1037 1227 existimat,
1059 1170 1095 1214 si
1120 1168 1253 1214 modo
1275 1169 1320 1212 in
1339 1167 1571 1213 scribendo

177 1251 458 1314 adjutoribus
495 1251 762 1313 indiguerit,
786 1267 875 1296 non
905 1261 992 1295 tam
1031 1250 1236 1312 Scipione
1268 1259 1312 1293 et
1345 1247 1481 1294 Laelio
1510 1249 1574 1293 uti

178 1334 397 1393 potuisse,
425 1333 502 1393 qui
537 1342 645 1377 tunc
678 1329 995 1376 adolescentuli
1028 1318 1174 1386 fuere,
1216 1346 1348 1390 quam
1376 1328 1571 1390 Sulpicio

177 1411 333 1470 Gallo,
357 1412 536 1458 homine
564 1412 720 1468 docto,
753 1422 795 1457 et
821 1412 897 1473 qui
925 1410 1233 1456 consularibus
1259 1409 1372 1455 ludis
1397 1411 1572 1454 initium

178 1493 327 1538 fecerit
349 1492 600 1539 fabularum
621 1492 868 1538 dandarum
897 1510 907 1537 :
935 1491 1003 1538 vel
1026 1493 1082 1551 Q.
1108 1492 1245 1538 Fabio
1273 1491 1505 1547 Labeone,
1533 1501 1576 1534 et

176 1576 238 1621 M.
255 1572 706 1636 Popillio,consulari
729 1584 942 1635 utroque,
959 1590 1009 1618 ac
1030 1583 1174 1635 poeta.
1191 1572 1296 1617 Ideo
1323 1573 1469 1633 ipsum
1484 1588 1573 1616 non

173 1656 357 1718 juvenes
381 1654 660 1718 designasse,
682 1657 758 1717 qui
783 1672 828 1700 se
852 1654 1075 1716 adjuvisse
1102 1654 1384 1709 dicerentur;
1412 1653 1487 1698 sed
1514 1654 1575 1697 vi-

176 1752 272 1792 ros,
300 1752 491 1797 quorum
519 1751 704 1797 operam
740 1746 782 1781 et
809 1737 853 1780 in
882 1735 1000 1781 bello
1018 1771 1030 1793 ,
1057 1745 1099 1780 et
1124 1736 1169 1779 in
1203 1735 1294 1780 otio
1313 1770 1324 1792 ,
1355 1745 1397 1778 et
1424 1735 1468 1778 in
1497 1751 1574 1778 ne·

178 1817 299 1878 gotio
323 1814 517 1878 populus
544 1816 601 1860 sit
623 1826 840 1877 expertus.
870 1818 977 1861 Post
1001 1815 1140 1860 editas
1171 1815 1407 1861 comoedias
1423 1850 1434 1871 ,
1463 1832 1573 1858 non-

178 1895 285 1941 dum
311 1897 517 1958 quintum
539 1906 671 1957 atque
699 1897 970 1940 tricesimum
1001 1913 1200 1958 egressus
1226 1913 1416 1953 annum,
1444 1912 1572 1940 causa

178 1976 394 2021 evitandae
411 1977 656 2039 opinionis,
678 1978 782 2038 quia
804 1976 1036 2020 videbatur
1059 1975 1200 2020 aliena
1221 1993 1302 2038 pro
1324 1977 1413 2020 suis
1430 1976 1573 2033 edere,

180 2074 256 2102 seu
295 2058 569 2120 percipiendi
603 2059 864 2104 Graecorum
907 2058 1131 2114 instituta,
1172 2074 1428 2118 moresque,
1464 2074 1574 2118 quos

181 2137 365 2199 perinde
392 2140 657 2200 exprimeret
684 2141 727 2183 in
757 2139 949 2200 scriptis,
974 2156 1173 2200 egressus
1201 2139 1363 2184 Urbem
1387 2149 1470 2194 est,
1498 2156 1573 2182 nc-

181 2235 266 2279 que
290 2218 478 2281 amplius
504 2219 647 2264 rediit.
676 2222 744 2265 De
767 2229 908 2264 morte
934 2220 1027 2280 ejus
1055 2218 1283 2264 Volcatius
1315 2219 1448 2264 tradit
1479 2237 1486 2262 :

363 2316 439 2352 Sed
457 2324 496 2352 ut
516 2317 609 2353 Afer
628 2329 693 2353 sex
712 2317 857 2365 populo
886 2317 1005 2352 edidit
1034 2317 1237 2352 comoedias
1252 2345 1260 2361 ,

362 2379 438 2415 Iter
456 2379 543 2415 hinc
561 2380 600 2415 in
624 2380 751 2415 Asiam
774 2379 870 2415 fecit.
892 2379 1025 2414 Navim
1052 2392 1166 2427 quum
1186 2380 1299 2415 semel

364 2442 614 2488 Conscendit,
634 2441 731 2477 visus
760 2454 954 2490 nunquam
983 2448 1048 2477 est.
1074 2442 1134 2477 Sic
1161 2442 1235 2477 vita
1257 2450 1373 2478 vacat.

248 2528 302 2572 V.
333 2527 389 2586 Q
405 2527 649 2573 Cosconius
675 2527 928 2572 redeuntem
957 2544 980 2571 c
999 2528 1170 2572 Graecia
1199 2530 1362 2589 perisse
1394 2530 1436 2572 in
1465 2546 1570 2572 mari

184 2608 290 2653 dicit
307 2625 408 2653 cum
433 2618 610 2653 centum
630 2618 671 2652 ct
692 2619 791 2653 octo
818 2608 999 2666 fabulis,
1023 2610 1245 2652 conversis
1269 2626 1290 2652 c
1313 2609 1573 2653 Menandro.

185 2691 361 2745 Ceteri,
389 2700 612 2735 mortuum
635 2707 724 2735 csse
752 2692 793 2734 in
823 2691 1017 2735 Arcadice
1043 2690 1331 2752 Stymphalo,
1357 2693 1444 2735 sive
1468 2694 1573 2736 Leu-
