1971 3342
394 235 461 270 138
924 239 961 273 C.
992 240 1219 275 SUETONH

455 320 656 364 XXXIV.
683 320 907 364 Ludorum
936 340 985 365 ac
1019 340 1246 367 munerum
1278 324 1491 383 impensas
1520 324 1749 383 corripuit,

390 398 658 443 mercedibus
682 402 952 445 scenicorum
981 404 1148 460 recisis,
1175 404 1437 464 paribusque
1462 401 1750 464 gladiatorum

388 478 443 521 ad
477 489 643 523 certum
678 497 908 525 numerum
952 481 1150 527 redactis.
1187 482 1513 528 Corinthiorum
1548 499 1749 526 vasorum

387 560 526 617 pretia
552 560 595 603 in
620 561 878 605 immensum
905 562 1131 618 exarsisse,
1162 572 1335 622 tresque
1367 561 1521 606 mullos
1550 579 1632 605 xxx
1662 561 1753 605 mil-

387 638 498 683 libus
534 658 760 685 nummum
796 643 983 699 venisse,
1014 643 1203 704 graviter
1230 653 1509 703 conquestus,
1545 643 1753 686 adhiben-

386 719 491 763 dum
520 720 774 781 supellectili
804 721 980 765 modum
1014 723 1200 779 censuit,
1228 739 1532 782 annonamque
1558 721 1750 779 macelli,

386 811 559 844 senatus
596 803 830 859 arbitratu,
867 804 1100 862 quotannis
1133 803 1481 863 temperandam3
1519 803 1620 846 dato
1652 802 1752 846 aedi-

386 879 497 923 libus
524 883 696 942 negotio
718 883 899 942 popinas
923 898 1167 942 ganeasque
1194 899 1331 942 usque
1356 899 1407 926 eo
1434 883 1678 939 inhibendi,
1706 894 1753 926 ut

388 977 440 1003 ne
472 977 604 1020 opera
636 961 811 1021 quidem
846 963 1024 1022 pistoria
1053 964 1237 1022 proponi
1265 962 1434 1005 venalia
1465 963 1668 1006 sinerent.
1699 966 1752 1008 Et

387 1049 432 1083 ut
455 1042 767 1100 parcimoniam
795 1041 1014 1102 publicam
1043 1042 1240 1102 exemplo
1266 1059 1439 1101 quoque
1461 1043 1660 1102 juvaret,
1687 1061 1748 1087 so—

385 1119 596 1163 lemnibus
632 1121 721 1180 ipse
754 1122 885 1165 coenis
918 1121 1118 1180 pridiana
1151 1138 1262 1182 saepe
1297 1139 1345 1164 ac
1378 1138 1543 1164 semesa
1572 1123 1753 1166 obsonia

384 1201 607 1259 apposuit,
636 1200 996 1261 dimidiatumque
1024 1217 1198 1261 aprum3
1230 1199 1470 1257 affirmans,
1501 1203 1649 1245 omnia
1680 1219 1750 1246 ea-

383 1279 481 1322 dem
524 1280 704 1338 habere,
743 1298 836 1341 quae
868 1291 1020 1326 totum.
1052 1281 1321 1338 Quotidiana
1351 1280 1497 1325 oscula
1530 1282 1752 1343 prohibuit

383 1361 554 1405 edicto:
580 1363 702 1418 item,
728 1372 969 1406 strenarum
995 1363 1304 1405 commercium
1334 1379 1387 1405 ne
1415 1362 1527 1406 ultra
1549 1362 1752 1406 kalendas

378 1441 599 1499 januarias
623 1452 912 1485 exerceretur.
936 1444 1179 1485 Cousuerat
1206 1441 1497 1502 quadruplam
1532 1452 1721 1486 strenam
1740 1478 1751 1499 ,

382 1529 425 1562 et
445 1519 499 1563 de
524 1537 679 1577 manu,
704 1521 886 1563 reddere
917 1539 925 1563 :
960 1521 1030 1564 sed
1058 1521 1269 1577 offensus,
1296 1521 1561 1582 interpellari
1590 1539 1635 1565 se
1660 1532 1752 1566 toto

381 1615 528 1642 mense
542 1600 681 1654 abiis,
695 1601 767 1659 qui
790 1610 1048 1660 potestatem
1069 1602 1133 1644 sui
1153 1601 1222 1644 die
1243 1600 1351 1645 sesto
1372 1619 1459 1645 non
1476 1602 1750 1658 habuissent,

381 1677 494 1722 ultra
517 1696 603 1721 non
631 1679 743 1723 tulit.

443 1761 627 1803 XXXV.
650 1762 876 1803 Matronas
895 1770 1119 1820 prostratae
1144 1760 1382 1820 pudicitiae,
1405 1761 1562 1821 quibus
1584 1777 1752 1805 accusa-

379 1848 447 1881 tor
474 1838 672 1899 publicus
699 1839 885 1897 deesset,
920 1850 968 1883 ut
996 1840 1256 1900 propinqui,
1285 1857 1406 1884 more
1438 1840 1672 1901 majorum,
1697 1840 1750 1884 de

377 1920 597 1962 communi
631 1921 846 1963 sententia
880 1930 1156 1977 coercerent,
1187 1930 1338 1964 auctor
1373 1920 1467 1963 fuit.
1503 1921 1649 1979 Equiti
1684 1938 1748 1963 ro-

377 2015 506 2042 mano
540 1999 825 2059 jurisjurandi
861 2001 1043 2060 gratiam
1083 2000 1201 2055 fecit,
1236 2010 1284 2042 ut
1316 2016 1496 2042 uxorem
1527 1999 1569 2042 in
1597 2009 1747 2060 stupro

376 2079 522 2137 generi
555 2088 824 2139 compertam
856 2079 1121 2135 dimitteret,
1148 2096 1277 2138 quam
1300 2096 1344 2122 se
1369 2096 1592 2139 nunquam
1621 2096 1748 2140 repu-

374 2158 620 2214 diaturum,
650 2168 750 2201 ante
780 2159 1016 2218 juraverat.
1051 2160 1237 2202 Feminae
1266 2159 1461 2215 famosae,
1492 2169 1540 2203 ut
1571 2159 1625 2203 ad
1659 2161 1747 2203 evi-

375 2236 527 2280 landas
563 2236 705 2298 legum
727 2254 874 2297 poenas
899 2238 997 2297 jure
1027 2255 1077 2281 ac
1111 2238 1322 2299 (lignitate
1351 2238 1580 2282 matronali
1609 2239 1746 2283 exsol-

373 2326 599 2373 verentur,
620 2315 883 2360 lenocinium
902 2317 1097 2377 profiteri
1117 2328 1337 2379 coeperant
1357 2335 1366 2361 :
1392 2328 1502 2362 etex
1518 2319 1746 2379 juventute

374 2396 598 2456 utriusque
629 2396 792 2439 ordinis
825 2396 1201 2458 profligatissimus
1238 2399 1446 2458 quisque,
1480 2416 1567 2459 quo
1604 2400 1744 2443 minus

375 2476 416 2518 in
448 2492 582 2535 opera
608 2493 744 2519 scenae
775 2493 1003 2536 arenaeque
1030 2476 1199 2519 edenda
1223 2477 1598 2522 senatusconsulto
1623 2488 1742 2521 tene—

374 2565 544 2611 rentur,
564 2555 714 2599 famosi
732 2555 884 2615 judicii
908 2565 1053 2599 notam
1073 2566 1228 2616 sponte
1248 2558 1464 2601 subibant.
1487 2560 1570 2602 Eos
1587 2574 1744 2617 easque

374 2650 542 2690 omncs,
567 2652 619 2677 ne
644 2635 759 2693 quod
786 2634 998 2695 refugium
1027 2637 1067 2678 in
1101 2636 1173 2680 tali
1206 2638 1357 2681 fraude
1381 2639 1583 2697 cuiquam
1609 2651 1742 2695 esset,
