1988 3439
622 281 659 313 C.
691 280 864 314 JULIUS
893 279 1072 316 CAESAR.
1494 289 1536 325 12⁹»

167 375 336 420 torum,
364 374 440 408 aut
473 362 664 425 prodigae
696 363 966 423 juventutis,
996 366 1238 412 subsidium
1277 373 1453 418 unicum
1488 392 1537 419 ac

165 447 534 507 promptissimum
563 454 655 488 erat
682 461 690 488 :
718 445 798 488 nisi
830 461 939 505 quos
970 448 1145 507 gravior
1175 450 1435 510 criminum,
1467 456 1534 500 vel

164 531 321 592 inopiae
355 527 588 573 luxuriaeve
620 527 683 570 vis
714 537 914 588 urgeret,
945 545 1077 588 quam
1113 540 1160 573 ut
1187 532 1407 577 subveniri
1438 553 1536 596 pos-

162 620 222 655 set
255 628 279 655 a
308 626 351 654 se
377 627 385 653 :
411 609 478 652 his
507 607 635 669 plane
661 606 803 669 palam
829 608 934 653 bello
959 610 1076 654 civile·
1098 627 1210 674 opus
1233 629 1326 658 esse
1353 615 1532 661 dicebat.

223 692 430 736 XXVIII.
467 691 560 734 Nec
591 689 762 733 minore
793 690 940 734 studio
972 708 1094 753 reges
1125 702 1256 753 atque
1289 697 1536 756 provincias

159 790 236 834 per
265 783 480 817 terrarum
508 771 658 815 orbem
688 770 904 816 alliciebat
934 789 944 816 :
973 772 1067 817 aliis
1097 775 1372 835 captivorum
1400 778 1536 822 millia

157 855 275 898 dono
302 852 516 908 offerens;
543 852 637 896 aliis
673 853 781 897 citra
816 863 991 897 senatus
1025 855 1267 917 populique
1297 862 1535 904 auctorita-

156 945 269 993 tem,
306 951 394 996 quo
428 932 616 990 vellent,
653 944 695 978 et
732 935 901 995 quoties
935 935 1120 991 vellent,
1156 937 1315 982 auxilia
1351 941 1535 985 submit-

155 1027 252 1061 tens
282 1033 290 1060 :
323 1032 541 1077 superque
569 1014 728 1072 Italiae,
758 1014 1093 1077 Galliarumque
1122 1028 1165 1062 et
1194 1019 1502 1080 Hispaniarum
1522 1057 1533 1077 ,

154 1097 265 1142 Asiae
299 1113 475 1158 quoque
507 1106 546 1140 et
579 1098 758 1141 Graeciae
789 1097 1112 1158 potentissimas
1144 1099 1273 1144 urbes
1304 1103 1532 1163 praecipuis

154 1178 357 1239 operibus
387 1194 602 1221 exornans
636 1195 645 1221 :
683 1177 846 1234 donec,
877 1178 1074 1222 attonitis
1104 1179 1195 1239 jam
1229 1182 1458 1238 omnibus,
1491 1193 1534 1228 vt

153 1275 364 1319 quorsum
391 1256 462 1301 illa
490 1257 720 1302 tenderent
742 1258 1066 1316 reputantibus,
1090 1261 1151 1303 Μ.
1180 1259 1390 1306 Claudius
1415 1265 1534 1307 Mar-

153 1337 287 1383 cellus
319 1336 471 1382 consul
500 1337 643 1381 edicto
677 1338 906 1397 praefatuS,
938 1338 990 1381 de
1022 1355 1191 1383 summa
1228 1357 1272 1386 se
1309 1343 1532 1403 republica

151 1429 381 1475 acturum,
415 1416 567 1462 retulit
596 1416 651 1461 ad
680 1426 903 1475 senatum,
940 1426 987 1461 ut
1023 1418 1061 1461 ei
1092 1420 1397 1465 succederetur
1429 1434 1532 1467 ante

152 1510 354 1562 tempus;
387 1499 596 1561 quoniam
627 1496 741 1542 bello
773 1498 970 1542 confecto
1004 1515 1088 1559 pax
1119 1510 1255 1558 esset,
1287 1517 1338 1545 ac
1369 1502 1532 1548 dimitti

151 1580 330 1625 deberet
360 1581 500 1624 victor
535 1579 749 1623 exercitus
782 1596 790 1623 :
823 1591 865 1623 et
894 1596 946 1623 ne
981 1581 1171 1626 absentis
1205 1583 1316 1627 ratio
1346 1585 1532 1628 comitiis

152 1661 402 1718 haberetur,
429 1661 606 1723 quando
631 1678 710 1705 nec
727 1659 955 1723 plebiscito
971 1663 1204 1724 Pompeius
1229 1673 1377 1725 postca
1403 1666 1534 1710 obro-

151 1751 304 1802 gasset.
332 1742 562 1788 Acciderat
591 1752 764 1799 autem,
795 1752 843 1786 ut
874 1742 907 1786 is
937 1741 1077 1805 legem
1107 1743 1281 1806 dejure
1305 1746 1531 1807 magistra-

151 1831 276 1866 tuum
308 1821 476 1878 ferens,
502 1839 553 1867 eo
586 1823 753 1884 capite,
783 1840 871 1884 quo
902 1840 926 1867 a
954 1825 1165 1885 petitione
1202 1825 1420 1870 honorum
1456 1828 1531 1871 al)-

150 1913 294 1947 sentes
319 1903 633 1959 submovebat,
662 1921 716 1948 ne
742 1906 958 1949 Caesarcm
983 1905 1160 1966 quidem
1184 1907 1425 1967 exciperet,
1453 1924 1531 1968 per

149 1983 442 2041 oblivionem;
471 2002 520 2030 ac
549 2002 677 2042 mox,
708 1984 801 2047 lege
825 1986 915 2046 jam
943 1987 986 2030 in
1011 2004 1066 2030 aes
1096 1988 1254 2045 incisa,
1283 1997 1325 2032 et
1353 1988 1397 2032 in
1423 2005 1530 2033 aera-

148 2065 263 2109 rium
290 2066 493 2123 condita,
523 2067 764 2128 corrigeret
792 2083 1001 2111 errorem.
1030 2070 1124 2112 Nec
1153 2077 1384 2113 contentus
1409 2071 1531 2113 Mar-

148 2144 282 2191 cellus
311 2148 558 2208 provincias
588 2148 749 2192 Caesari
780 2158 824 2192 et
854 2147 1132 2210 privilegium
1160 2150 1350 2210 eripere,
1381 2149 1530 2194 retulit

148 2227 301 2283 etiam,
323 2237 373 2270 ut
392 2227 576 2285 colonis,
597 2245 706 2289 quos
728 2230 955 2291 rogatione
975 2230 1151 2274 Vatinia
1172 2231 1528 2274 Novumcomum

148 2307 417 2362 deduxisset,
443 2309 595 2352 civitas
619 2309 905 2367 adimeretur,
931 2309 1050 2371 quod
1076 2326 1153 2371 per
1177 2310 1462 2354 ambitionem
1487 2320 1529 2353 ct

148 2388 262 2434 ultra
288 2389 595 2450 praescriptum
622 2388 721 2433 data
745 2399 868 2433 essct.

211 2473 377 2515 XXIX.
414 2472 674 2515 Commotus
695 2471 760 2515 his
783 2473 944 2526 Cacsar,
968 2486 1015 2514 ac
1034 2471 1256 2531 judicans,
1277 2472 1392 2533 quod
1415 2488 1524 2531 saepc

149 2568 198 2594 cx
229 2569 280 2596 eo
308 2552 506 2597 auditum
542 2551 709 2609 ferunt,
739 2551 959 2595 difficilius
991 2568 1034 2595 se
1065 2551 1306 2612 principem
1338 2553 1526 2595 civitatis

149 2649 173 2675 a
195 2635 337 2693 primo
355 2617 510 2677 ordine
535 2635 578 2677 in
604 2632 865 2690 secundum,
887 2649 1016 2693 quam
1039 2649 1087 2675 ex
1109 2631 1299 2676 secundo
1318 2632 1358 2675 in
1382 2632 1527 2675 novis-

150 2713 308 2756 simum
339 2713 540 2770 detrudi,
571 2730 738 2757 summa
767 2730 850 2773 ope
883 2714 1069 2770 restitit,
1101 2714 1259 2774 partim
1292 2729 1367 2773 per
1396 2713 1526 2755 inter-
