1971 3342
332 221 374 243 10
872 209 911 243 C.
943 209 1178 244 SUETONII

325 309 457 353 quani
489 292 649 354 gessit,
686 292 945 353 imperium3
976 309 1243 353 quamquam
1277 291 1412 336 multa
1449 291 1711 338 documenta

324 374 487 435 egregii
534 374 744 435 principis
787 373 911 417 daret
955 391 964 417 ε
1007 373 1080 418 sed
1132 390 1407 435 nequaquam
1454 384 1542 418 tam
1588 385 1714 436 grata

324 464 445 498 erant
463 490 473 507 ‚
499 470 631 514 quam
655 455 792 498 invisa
811 489 821 510 ,
847 471 942 514 quae
964 471 1087 498 secus
1109 454 1277 498 flerent.
1304 454 1555 515 Regebatur
1577 455 1712 498 trium

325 534 535 591 arbitrio,
570 552 681 596 quos
718 552 803 579 una
838 545 880 578 et.
922 536 1036 578 intra
1076 534 1287 596 palatium
1326 535 1597 592 habitantes,
1632 552 1714 580 nec

324 635 518 679 unquam
557 634 645 660 non
683 616 978 673 adhaerentes,
1008 616 1269 678 paedagogos
1308 615 1441 678 vulgo
1480 617 1710 661 vocabant.

325 700 381 742 Hi
409 709 534 743 erant
562 701 611 742 T.
638 698 796 741 Vinius
813 733 824 753 ,
853 697 1020 759 legatus
1046 697 1141 758 ejus
1167 698 1210 741 in
1234 698 1467 759 Hispania,
1492 697 1711 758 cupidita-

325 781 379 824 tis
415 781 634 824 immensae
667 797 675 822 ε
707 777 940 823 Cornelius
974 781 1115 835 Laco,
1148 795 1200 822 ex
1234 795 1449 822 assessore
1482 777 1713 839 praefectus

325 862 543 922 praetorii,
571 861 823 921 arrogantia
855 859 1143 919 socordiaque
1177 858 1463 903 intolerabilis
1494 876 1504 902 2
1534 858 1715 903 libertus

323 941 483 998 Icelus,
506 939 638 1002 paulo
662 950 763 985 ante
786 938 961 984 annulis
985 940 1128 984 aureis
1152 950 1195 984 et
1216 941 1431 984 Marciani
1450 941 1714 1002 cognomine

322 1032 529 1078 ornatus,
562 1039 613 1066 ac
643 1022 733 1082 jam
773 1038 953 1065 summae
984 1021 1199 1082 equestris
1236 1020 1400 1082 gradus
1439 1020 1713 1065 candidatus.

323 1105 400 1147 His
417 1138 427 1155 ‚
453 1103 624 1147 diverso
648 1103 856 1146 vitiorum
879 1118 1039 1163 genere
1061 1102 1382 1163 grassantibus,
1402 1101 1512 1145 adeo
1538 1118 1583 1145 se
1609 1102 1716 1145 abu·

323 1184 503 1229 tendum
527 1184 725 1245 permisit
754 1193 795 1227 et
828 1181 1035 1239 tradidit,
1065 1192 1112 1225 ut
1138 1183 1208 1225 vix
1234 1182 1315 1226 sibi
1341 1183 1433 1244 ipse
1460 1192 1683 1226 constaret
1706 1199 1715 1225 :

323 1265 454 1310 inodo
480 1265 679 1309 acerbior
706 1266 992 1326 parciorque,
1019 1263 1152 1307 modo
1173 1264 1396 1307 remissior
1415 1280 1465 1307 ac
1487 1262 1714 1325 negligen-

323 1348 423 1403 tior,
449 1363 579 1407 quam
604 1347 859 1390 conveniret
880 1345 1068 1406 principi
1089 1344 1255 1399 electo,
1279 1354 1409 1405 atque
1433 1343 1542 1390 illud
1561 1345 1709 1388 aetatis.

323 1427 552 1486 Quosdam
589 1426 730 1471 claro-z
775 1444 824 1470 ex
866 1436 1055 1486 utroque
1094 1425 1249 1469 ordine
1285 1428 1430 1482 viros,
1469 1426 1716 1486 suspicione

326 1510 538 1564 minima,
576 1508 797 1552 inauditos
845 1506 1169 1551 condemnavit.
1211 1507 1444 1551 Civitatem
1489 1523 1714 1550 romanam

324 1607 423 1634 raro
448 1589 569 1633 dedit
594 1607 601 1632 ς
630 1590 729 1650 jura
763 1590 894 1632 trium
928 1587 1165 1631 liberorum
1197 1588 1266 1630 vix
1297 1588 1370 1630 uni
1402 1597 1532 1647 atque
1561 1586 1716 1641 alteri3

324 1688 372 1715 ae
398 1688 450 1714 ne
470 1671 537 1713 his
555 1670 754 1731 quidem,
777 1670 859 1712 nisi
878 1668 931 1712 ad
954 1678 1124 1711 certum
1150 1667 1506 1728 praefinitumque
1526 1678 1712 1730 tempus.

321 1751 576 1808 Judieibus,
618 1760 783 1795 sextam
826 1750 1049 1793 decuriam
1096 1749 1225 1810 adjici
1269 1749 1578 1809 precantibus,
1628 1766 1715 1793 non

325 1835 454 1879 modo
486 1835 692 1895 negavit,
726 1832 799 1877 sed
827 1833 958 1876 etiam
989 1847 1242 1876 concessum
1277 1846 1301 1873 a
1336 1829 1524 1874 Claudio
1555 1830 1718 1874 benefi-

322 1918 466 1972 cium,
490 1932 544 1959 ne
570 1915 712 1958 hieme
737 1914 950 1974 initioque
973 1913 1078 1956 anni
1098 1909 1459 1971 adjudicandum
1485 1927 1719 1955 evocaren-

322 2008 418 2053 tur,
454 1997 630 2058 eripuit.

384 2080 483 2122 XV.
512 2076 857 2121 Existimabatur
883 2076 1013 2118 etiam
1044 2074 1260 2117 senatoria
1294 2083 1335 2116 et
1365 2073 1583 2133 equestria
1616 2074 1715 2117 offi-

323 2160 415 2211 cia,
456 2157 622 2201 biennii
657 2156 799 2216 spatio
835 2154 1230 2211 determinaturus,
1270 2172 1347 2198 nec
1383 2154 1594 2209 daturus,
1634 2156 1716 2199 nisi

326 2239 471 2281 invitis
497 2255 546 2281 ae
576 2236 899 2280 recusantibus.
928 2235 1230 2279 Liberalitates
1259 2237 1467 2291 Neronis,
1493 2253 1580 2281 non
1618 2235 1715 2298 plus

324 2319 502 2363 decimis
541 2318 781 2373 concessis,
820 2334 897 2377 per
935 2317 1260 2379 quinquaginta
1297 2319 1464 2378 equites
1512 2335 1716 2361 romanos

325 2417 376 2444 ea
403 2399 657 2443 conditione
685 2397 956 2441 revocandas
990 2398 1162 2441 curavit
1194 2397 1539 2458 exigendasque,
1567 2408 1611 2442 ut
1646 2407 1683 2440 et
1707 2434 1715 2447 ,

326 2481 357 2524 si
390 2479 497 2541 quid
528 2480 686 2523 scenici
720 2488 796 2522 aut
827 2478 979 2539 xystici
1012 2477 1224 2521 donatum
1253 2477 1356 2522 olim
1392 2478 1712 2525 vendidissent,

326 2562 571 2605 auferretur
597 2560 863 2614 emtoribus,
892 2558 1071 2619 quando
1100 2558 1156 2602 illi
1177 2594 1187 2615 ,
1211 2559 1412 2603 absumto
1432 2560 1593 2620 pretio,
1625 2558 1710 2603 sol--

330 2659 427 2685 vere
455 2643 699 2702 nequirent.
730 2644 779 2684 At
813 2635 994 2696 contra,
1027 2640 1133 2683 nibil
1164 2658 1248 2685 non
1279 2657 1354 2701 per
1379 2641 1557 2684 comites
1583 2650 1713 2701 atque
