1971 3342
399 244 446 279 88
934 243 971 277 C.
999 243 1227 278 SUETONII

461 328 555 370 LX.
593 329 731 387 Reges
756 326 883 369 amici
909 335 1039 384 atque
1068 326 1194 380 socii,
1219 333 1261 367 et
1287 321 1444 383 singuli
1474 323 1516 365 in
1543 338 1621 366 suo
1642 322 1757 382 quis-

400 423 484 467 que
507 423 642 468 regno
664 408 878 451 Caesareas
903 405 1031 448 urbes
1059 404 1368 459 condiderunt,
1395 412 1436 447 et
1461 401 1607 446 cuncti
1631 400 1757 445 simul

398 486 533 530 aedem
569 487 685 529 Jovis
728 484 920 545 Olympii
937 519 947 539 ,
989 484 1170 528 Athenis
1207 483 1447 543 antiquitus
1487 480 1758 537 inchoatam,

398 565 603 626 perficere
620 564 840 609 communi
860 572 1036 624 sumptu
1055 562 1405 619 destinaverunt,
1425 561 1653 620 Genioque
1669 559 1761 619 ejus

399 644 615 699 dedicare;
640 660 690 687 ac
715 659 826 703 saepe
850 643 995 704 regnis
1023 640 1202 696 relictis,
1227 657 1315 684 non
1340 643 1489 685 Romae
1511 639 1662 696 modo,
1689 637 1762 682 sed

398 724 643 785 provincias
673 723 941 782 peragranti,
968 720 1221 782 quotidiana
1246 720 1389 764 officia
1415 721 1573 780 togati,
1598 735 1647 763 ac
1672 719 1764 762 sine

399 804 518 864 regio
549 802 725 863 insigni,
755 818 875 845 more
904 800 1127 845 clientium
1151 801 1457 861 praestiterunt.

464 883 578 927 LXI.
615 882 860 939 Quoniam,
886 880 1024 941 qualis
1053 881 1096 923 in
1124 880 1314 941 imperiis
1342 897 1390 924 ac
1418 879 1764 940 magistratibus,

401 961 674 1023 regendaque
706 978 782 1021 per
817 970 1031 1003 terrarum
1065 960 1212 1004 orbem
1249 976 1354 1020 pace
1386 958 1589 1019 belloque
1619 961 1766 1018 Repu-

401 1041 513 1085 blica
537 1041 686 1096 fuerit,
715 1040 917 1100 exposui3
947 1040 1131 1083 referam
1156 1056 1272 1082 nunc
1297 1040 1546 1082 interiorem
1572 1055 1621 1081 ac
1645 1037 1767 1081 fami-

400 1119 553 1163 liarem
592 1123 682 1179 ejus
719 1121 880 1174 vitam,
914 1120 1158 1179 quibusque
1197 1119 1391 1162 moribus
1427 1127 1557 1177 atque
1591 1117 1767 1161 fortuna

404 1199 521 1243 domi
546 1208 587 1242 et
613 1200 726 1242 inter
748 1216 848 1242 suos
874 1200 1008 1259 egerit
1030 1216 1054 1241 a
1075 1199 1255 1259 juventa
1277 1214 1414 1258 usque
1437 1196 1491 1241 ad
1517 1212 1768 1258 supremum

404 1280 500 1322 vitae
525 1279 651 1321 diem.
682 1280 870 1322 Matrem
900 1278 1042 1322 amisit
1065 1278 1108 1320 in
1132 1278 1274 1338 primo
1299 1275 1548 1333 consulatu,
1576 1292 1768 1320 sororem

404 1359 632 1401 Octaviam
657 1358 1068 1418 quinquagesimum
1089 1367 1130 1399 et
1152 1367 1357 1416 quartum
1381 1372 1512 1416 agens
1534 1357 1670 1399 aetatis
1692 1371 1770 1398 an-

404 1454 522 1480 num.
556 1437 743 1496 Utrique
770 1454 905 1497 quum
932 1437 1148 1497 praecipua
1176 1436 1317 1479 officia
1342 1436 1448 1479 vivae
1476 1435 1769 1496 praestitisset,

403 1518 531 1560 ctiam
559 1516 773 1560 defunctae
798 1517 985 1560 honores
1011 1517 1220 1559 maximos
1250 1516 1413 1558 tribuit.

467 1599 606 1641 LXII.
645 1599 858 1658 Sponsam
880 1597 1093 1640 habuerat
1116 1595 1364 1639 adolescens
1388 1597 1434 1638 P.
1459 1594 1628 1638 Servilii
1651 1597 1770 1638 Isau-

404 1678 480 1721 rici
515 1676 647 1720 filiam
679 1696 687 1719 :
720 1676 793 1719 sed
829 1675 1131 1720 reconciliatus
1163 1684 1261 1736 post
1295 1676 1479 1736 primam
1510 1673 1772 1718 discordiam

404 1759 616 1809 Antonio,
643 1756 1017 1817 expostulantibus
1042 1757 1270 1815 utriusque
1294 1754 1525 1811 militibus,
1556 1764 1604 1797 ut
1628 1763 1670 1797 et
1695 1770 1772 1797 ne-

403 1836 664 1879 cessitudine
701 1835 845 1895 aliqua
880 1836 1195 1896 jungerentur,
1232 1835 1476 1895 privignam
1511 1835 1602 1894 ejus
1640 1832 1773 1878 Clau-

404 1916 541 1968 diam,
561 1915 721 1958 Fulviae
741 1932 791 1958 cx
813 1917 857 1958 P.
879 1914 1035 1959 Clodio
1057 1914 1210 1970 filiam,
1228 1914 1354 1957 (luxit
1377 1929 1574 1968 uxorem,
1593 1912 1773 1955 vixdum

404 1994 619 2049 nubilem,
646 2011 695 2037 ac
720 1993 938 2038 simultate
963 2011 1062 2037 cum
1092 1993 1243 2036 Fulvia
1266 2009 1392 2035 socru
1417 2001 1586 2048 exorta,
1611 1991 1774 2035 (limisit

406 2075 611 2118 intactam
636 2073 779 2116 adhuc
804 2082 846 2116 et
870 2074 1097 2132 virginem.
1126 2074 1231 2115 Mox
1258 2072 1530 2115 Scriboniam
1555 2072 1597 2114 in
1626 2073 1775 2115 matri-

405 2154 602 2197 monium
627 2155 816 2212 acccpit,
848 2161 1029 2212 nuptam
1054 2162 1153 2195 ante
1179 2151 1349 2195 duobus
1378 2151 1703 2208 consularibus,
1733 2160 1775 2195 et

405 2250 454 2275 cx
476 2232 613 2276 altero
634 2233 764 2276 ctiam
787 2242 981 2275 matrem.
1004 2233 1117 2275 Cum
1138 2232 1218 2274 hac
1239 2233 1369 2274 ctiam
1392 2230 1629 2274 divortium
1651 2230 1773 2286 fecit,

406 2323 630 2372 pertaesus,
657 2321 703 2354 ut
731 2312 897 2367 scribit,
923 2328 1094 2354 morum
1121 2311 1446 2371 perversitatem
1472 2310 1563 2370 ejus
1587 2326 1596 2352 :
1621 2326 1670 2354 ac
1693 2318 1775 2354 sta-

408 2394 481 2435 tim
512 2393 679 2435 Liviam
714 2391 950 2435 Drusillam
989 2390 1267 2433 matrimonio
1297 2389 1459 2432 Tiberii
1495 2389 1704 2445 Neronis,
1733 2397 1775 2432 et

406 2470 581 2529 quidem
614 2481 936 2531 praegnantem,
976 2469 1182 2519 abduxit,
1222 2467 1460 2530 dilexitque
1495 2478 1538 2512 ct
1574 2468 1774 2528 probavit

408 2550 534 2593 unice
560 2566 608 2594 ac
635 2559 972 2611 perseveranter.

473 2631 630 2673 LXIII.
674 2634 730 2674 Ex
767 2630 993 2673 Scribonia
1025 2627 1209 2682 Juliam,
1244 2645 1294 2670 cx
1324 2628 1446 2671 Livia
1481 2627 1586 2671 nihil
1616 2626 1773 2671 libero-
