1988 3439
571 245 818 281 OCTAVIUS
846 247 1117 284 AUGUSTUS.
1491 251 1536 287 65

165 316 276 363 secto
298 320 426 379 duce,
452 342 582 387 quam
610 327 930 374 festinationem
956 333 1353 396 temeritatemque,
1380 353 1537 381 conve-

166 399 259 442 nire
288 402 595 450 arbitrabatur.
638 408 805 453 Crebro
830 411 976 471 itaque
1014 410 1086 457 illa
1110 414 1303 474 jactabat
1340 435 1349 461 ς
1423 417 1536 464 mass

166 475 362 536 Ερκὲἑως·
391 495 432 529 et
452 502 463 529 :

272 610 459 656 Ἀσφαιλῆς
478 616 557 664 ’γὰρ
577 614 657 653 ἐστ’
673 615 850 666 ἀμείνων,
871 618 888 656 ἦ
914 619 1057 667 θρασὺς
1076 626 1360 670 στρατηλάτην

168 744 236 791 et,
254 738 361 781 «Sat
394 736 590 783 celeriter
613 739 703 785 fieri
720 777 731 798 ,
757 744 964 804 quicquid
995 746 1071 791 fiat
1097 749 1200 793 satis
1235 749 1390 795 bene.»
1422 755 1537 797 Prae-

167 814 273 859 lium
301 816 478 876 quidem
497 829 574 863 aut
598 820 762 866 bellum
782 825 1110 886 suscipiendum
1134 831 1315 875 omnino
1336 833 1539 894 negabat,

166 896 248 939 nisi
273 913 410 956 quum
427 899 566 960 major
591 900 877 947 emolumenti
903 922 1022 967 spes,
1038 924 1168 968 quam
1200 910 1348 956 damni
1379 923 1539 969 metus,

166 975 483 1022 ostenderetur.
504 981 620 1025 Nam
648 983 857 1028 «minima
879 988 1106 1033 commoda
1131 1007 1219 1034 non
1246 993 1428 1037 minimo
1454 1012 1542 1039 sec-

167 1064 307 1100 tantes
333 1056 600 1117 discrimine,
626 1061 816 1107 similes»
839 1065 980 1111 aiebat
1004 1085 1125 1114 «esse
1144 1086 1276 1115 aureo
1290 1072 1421 1118 hamo
1450 1076 1539 1136 pis-

167 1136 387 1194 cantibus,
416 1139 540 1199 cujus
564 1141 737 1204 abrupti
764 1143 975 1191 damnum
1001 1148 1119 1194 nulla
1152 1162 1334 1212 captura
1363 1156 1537 1214 pensari

167 1226 356 1276 posset.»

231 1299 394 1343 XXVI.
425 1301 708 1362 Magistratus
736 1315 866 1365 atque
894 1308 1081 1354 honores
1102 1320 1144 1354 et
1163 1322 1264 1357 ante
1287 1323 1477 1376 tempus,
1498 1327 1539 1362 et

166 1377 378 1437 quosdam
415 1382 517 1423 novi
546 1385 715 1442 generis
751 1396 1072 1448 perpetuosque
1095 1393 1223 1451 cepit.
1253 1395 1538 1442 Consulatum

166 1456 373 1502 vicesimo
397 1461 535 1504 aetatis
563 1478 678 1506 anno
704 1464 880 1522 invasit,
911 1467 1098 1512 admotis
1131 1470 1346 1517 hostiliter
1368 1475 1422 1518 ad
1452 1479 1538 1522 Ur·

166 1537 266 1581 bem
286 1537 550 1600 legionibus,
568 1543 815 1604 missisque,
831 1548 904 1607 qui
928 1549 1009 1592 sibi
1033 1552 1210 1595 nomine
1234 1556 1448 1601 exercitus
1464 1557 1538 1602 de-

167 1630 424 1680 poscerent:
445 1638 582 1682 quum
608 1623 812 1683 quidem,
840 1637 1074 1673 cunctante
1107 1643 1279 1688 senatu,
1304 1636 1536 1682 Cornelius

162 1697 383 1752 centuri0,
406 1699 608 1764 princeps
637 1700 891 1764 legationis,
916 1707 1077 1766 rejecto
1106 1711 1278 1771 sagulo,
1305 1716 1537 1762 ostendens

171 1770 301 1831 gladii
336 1774 568 1835 capulum,
598 1798 686 1825 non
713 1782 952 1831 dubitasset
985 1787 1029 1830 in
1065 1789 1185 1833 curia
1218 1790 1391 1835 dicere:
1424 1794 1538 1836 «Hic

167 1855 312 1911 faciet,
335 1857 369 1900 si
396 1874 472 1902 vos
499 1876 586 1903 non
611 1861 843 1907 feceritis.»
867 1866 1115 1912 Secundum
1142 1870 1417 1916 consulatum
1442 1884 1539 1933 post

167 1949 325 1978 novem
352 1952 510 1994 annos,
541 1942 717 1985 tertium
747 1960 861 1988 anno
896 1947 1123 2007 interjecto
1158 1951 1288 2010 gessit
1313 1968 1322 1993 z
1358 1967 1540 2011 sequen-

166 2023 230 2058 tes
256 2031 393 2076 usque
419 2017 474 2061 ad
506 2019 786 2066 undecimum
818 2027 1092 2070 continuavit
1120 2045 1128 2070 ε
1157 2028 1394 2090 multisque
1421 2048 1541 2087 mox,

166 2111 301 2154 quum
334 2095 628 2158 deferrentur,
666 2105 894 2161 recusatis,
930 2104 1239 2151 duodecimum
1277 2127 1460 2171 magno,
1499 2110 1543 2153 id

166 2183 254 2229 est,
282 2177 591 2236 septemdecim
633 2197 850 2227 annorum
890 2186 1144 2243 intervallo,
1189 2198 1230 2232 et
1272 2206 1424 2234 rursus
1461 2202 1544 2236 ter·

168 2254 494 2300 tiumdecimum
512 2259 689 2303 biennio
714 2273 811 2321 post
831 2263 949 2309 ultro
975 2268 1125 2326 petiit,
1148 2279 1195 2312 ut
1217 2271 1372 2314 Caium
1397 2282 1440 2316 et
1458 2273 1544 2315 Lu-

167 2335 281 2378 cium
312 2334 423 2379 filios
439 2372 450 2391 ‚
477 2337 743 2398 amplissimo
766 2343 972 2402 praeditus
987 2348 1266 2408 magistratu,
1289 2368 1368 2395 suo
1389 2369 1542 2411 quem-

166 2431 249 2474 que
290 2416 490 2460 tirocinio
539 2417 771 2464 deduceret
810 2423 854 2465 in
908 2423 1067 2468 forum.
1116 2428 1326 2489 Quinque
1374 2430 1540 2474 medios

168 2494 419 2539 consulatus
459 2507 579 2542 sexto
608 2499 661 2542 ad
688 2500 968 2547 undecimum
995 2520 1164 2550 annuos
1189 2511 1350 2568 gessit:
1376 2521 1543 2554 ceteros

168 2585 243 2619 aut
272 2592 452 2633 novem,
480 2589 555 2621 aut
573 2595 666 2637 sex,
692 2591 768 2625 aut
793 2594 1007 2643 quatuor,
1034 2595 1106 2629 aut
1129 2588 1270 2632 tribus
1294 2592 1540 2647 mensibus3

167 2656 407 2700 secundum
445 2674 574 2714 vero,
605 2663 875 2720 paucissimis
908 2666 1039 2709 horis.
1088 2668 1199 2710 Nam
1236 2668 1304 2712 die
1342 2670 1542 2714 kalenda-

1296 2747 1318 2759 ρ

331 2755 356 2780 l.
1295 2764 1318 2790 ζ)
