1988 3439
871 301 1045 335 GALBA.
1634 309 1650 341 ἦ

265 381 362 426 «lata
393 393 574 438 tessera,
603 405 619 423 α
642 392 687 426 ut
718 398 873 426 manus
905 383 1086 444 paenulis
1113 385 1402 431 continerent.
1425 412 1444 429 »
1472 391 1650 435 Statim-

265 481 350 523 que
381 482 458 525 per
478 475 619 508 castra
645 465 858 524 jactatum
882 476 943 508 est
964 501 974 520 ‚

370 593 499 635 Disce,
525 592 651 635 miles,
679 592 858 637 militare3
876 594 998 630 Galba
1025 602 1098 639 est,
1125 607 1204 630 non
1226 597 1437 634 Gaetulicus.

265 708 362 752 Pari
386 707 616 751 severitate
641 707 863 752 interdixit
887 720 1156 754 commeatus
1183 713 1284 772 peti.
1303 714 1575 759 Veteranum
1602 734 1651 762 ac

263 789 446 832 tironem
466 786 647 832 militem
666 805 800 850 opere
826 789 1003 835 assiduo
1031 792 1365 838 corroboravit:
1389 806 1649 859 matureque

262 869 484 924 Barbaris,
511 870 586 929 qui
605 869 695 930 jam
723 871 766 913 in
791 869 982 915 Galliam
1008 889 1147 933 usque
1173 886 1497 935 proruperant,
1523 894 1647 922 coer-

258 949 379 1006 citis,
414 950 615 1010 praesenti
652 967 827 1012 quoque
860 953 967 996 Caio
1003 952 1133 997 talem
1166 964 1209 998 et
1250 971 1294 999 se
1333 967 1375 1000 et
1407 960 1647 1004 exercitum

256 1030 546 1091 approbavit,
566 1040 613 1075 ut
639 1032 754 1075 inter
780 1033 1036 1077 innumeras
1061 1045 1398 1097 contractasque
1427 1054 1478 1082 ex
1507 1042 1648 1084 omni-

257 1110 338 1155 bus
372 1111 608 1171 provinciis
639 1113 810 1173 copias,
847 1130 988 1174 neque
1024 1116 1342 1173 testiinonium,
1369 1135 1511 1179 neque
1543 1136 1648 1181 prae—

258 1192 344 1235 mia
374 1190 587 1253 ampliora
628 1191 703 1236 ulli
750 1195 1028 1255 perciperent
1055 1213 1063 1238 :
1092 1196 1183 1256 ipse
1226 1199 1411 1242 maxime
1444 1200 1647 1262 insignis,

257 1271 375 1332 quod
400 1282 687 1333 campestrem
713 1273 1016 1319 decursionem
1053 1286 1176 1320 scuto
1211 1278 1486 1335 moderatus,
1514 1283 1644 1327 etiam

255 1351 310 1395 ad
340 1351 540 1396 essedum
579 1354 858 1414 imperatoris
883 1372 958 1416 per
987 1356 1143 1418 viginti
1173 1374 1380 1418 passuum
1406 1360 1540 1406 millia
1566 1380 1644 1407 cu-

255 1433 407 1477 currit.

318 1515 417 1558 VII.
447 1514 577 1559 Caede
601 1516 696 1560 Caii
727 1518 960 1574 nunciata,
990 1517 1140 1562 multis
1170 1519 1224 1564 ad
1256 1523 1533 1567 occasionem
1567 1525 1645 1568 sti-

253 1591 526 1639 mutantibus
547 1631 559 1651 ,
606 1597 797 1658 quietem
851 1597 1057 1658 praetulit.
1105 1601 1188 1643 Per
1234 1601 1318 1646 hoc
1373 1604 1646 1664 gratissimus

253 1673 467 1732 Claudio,
491 1687 780 1738 receptusque
809 1679 851 1721 in
881 1679 1106 1723 cohortem
1132 1682 1396 1740 amicorum,
1424 1693 1553 1728 tantae
1576 1684 1643 1728 di-

255 1757 475 1817 gnationis
498 1767 562 1801 est
587 1758 786 1813 habitus,
814 1770 888 1813 ut,
913 1777 1051 1824 quum
1082 1762 1223 1806 subita
1253 1764 1291 1806 ei
1319 1762 1545 1819 valetudo,
1573 1783 1643 1810 ne-

253 1852 338 1896 que
385 1835 495 1880 adeo
540 1840 709 1899 gravis,
751 1840 998 1895 incidisset,
1045 1841 1204 1887 dilatus
1253 1845 1307 1888 sit
1355 1845 1646 1906 expeditionis

254 1913 510 1960 britannicae
543 1917 648 1962 dies.
685 1919 870 1964 Africam
906 1922 1168 1982 proconsule
1201 1924 1381 1969 biennio
1421 1926 1644 1982 obtinuit,

252 2007 372 2040 extra
395 2007 553 2042 sortem
583 1997 746 2043 electus
775 2000 827 2044 ad
855 2001 1145 2046 ordinandam
1177 2006 1448 2064 provinciam
1469 2041 1480 2061 ,
1508 2017 1549 2050 et
1577 2009 1642 2051 in-

254 2079 408 2122 testina
439 2078 706 2125 dissensione
736 2092 779 2125 et
815 2083 1108 2127 Barbarorum
1138 2084 1330 2129 tumultu
1364 2087 1604 2147 inquietam
1633 2107 1640 2131 :

253 2158 561 2220 ordinavitque
591 2178 748 2223 magna
786 2164 1028 2207 severitatis
1056 2181 1104 2208 ac
1135 2165 1316 2224 justitiae
1351 2183 1480 2223 cura,
1511 2169 1641 2212 etiain

255 2239 296 2282 in
325 2239 516 2300 parvulis
536 2242 680 2286 relius.
705 2242 864 2297 Militi,
888 2246 961 2304 qui
987 2262 1064 2306 per
1081 2246 1403 2307 expeditionem
1426 2250 1639 2293 artissima

254 2336 430 2364 annona
451 2321 672 2366 residuum
699 2324 965 2368 cibariorum
996 2327 1126 2369 tritici
1151 2327 1347 2372 modium
1376 2339 1551 2373 centum
1577 2331 1643 2374 de-

254 2401 388 2444 nariis
403 2401 649 2446 vendidisse
664 2405 946 2466 arguebatur,
969 2407 1127 2458 vetuit,
1147 2407 1274 2452 simul
1298 2419 1430 2469 atque
1448 2409 1642 2471 indigere

252 2481 352 2525 cibo
378 2483 576 2543 coepisset
597 2519 607 2536 ,
637 2501 659 2528 a
693 2501 914 2545 quoquam
941 2503 1068 2547 opem
1100 2487 1198 2531 l'erri
1228 2506 1236 2530 :
1262 2499 1302 2532 et
1325 2491 1358 2532 is
1387 2489 1498 2533 fain(-
1523 2501 1643 2534 extu-

255 2561 363 2605 buit.
391 2565 445 2606 At
476 2563 517 2617 in
540 2563 640 2624 jure
670 2563 882 2621 dicendo,
912 2584 1046 2627 quum
1075 2567 1126 2610 di·
1161 2570 1427 2630 proprietate
1450 2571 1640 2630 jumi-nti

251 2653 541 2701 quaereretur,
579 2643 745 2688 levibus
789 2649 996 2707 utrinque
1039 2651 1308 2709 argumentis
1348 2662 1386 2693 ct
1433 2652 1638 2705 testibus,

252 2721 436 2784 ideoque
460 2724 621 2769 ‹liuh-iti
649 2728 902 2787 conjectura
934 2731 1148 2784 veritatis,
1176 2732 1232 2774 ita
1262 2730 1480 2788 docrevit,
1512 2742 1556 2776 ut
1581 2735 1633 2777 ad
