1971 3342
361 248 407 282 72
897 235 936 271 C.
970 234 1210 270 SUETONII

359 336 497 380 quum
524 328 862 380 procuratorum
892 334 1071 362 suorum
1103 319 1279 362 nomine
1307 317 1536 363 formalem
1565 317 1751 364 dictaret

359 398 611 461 epistolam,
648 401 710 444 sic
750 399 919 461 coepit:
957 399 1218 444 «Dominus
1252 409 1295 442 et
1335 398 1440 443 deus
1478 409 1628 444 noster
1666 401 1751 445 hoc

359 479 452 524 fieri
469 480 605 541 jubet.
625 500 647 521 »
667 479 798 525 Unde
819 479 1072 524 institutum
1094 480 1300 541 posthac,
1326 489 1374 523 ut
1396 496 1450 523 ne
1473 480 1636 541 scripto
1656 482 1753 541 qui-

358 560 459 605 dem
487 576 537 604 ac
565 577 767 605 sermone
803 561 1063 621 cujusquam
1088 559 1386 622 appellaretur
1412 558 1554 604 aliter.
1576 562 1753 605 Statuas

359 642 441 685 sibi
470 642 514 685 in
539 641 762 703 Capitolio
796 659 883 686 non
914 643 998 686 nisi
1023 658 1177 686 aureas
1202 652 1245 686 et
1272 652 1502 704 argenteas
1529 643 1635 703 poni
1659 659 1755 703 per·-

358 723 498 780 misit,
530 739 581 766 ac
607 721 815 783 ponderis
842 723 963 767 certi.
991 724 1125 766 Janos
1151 739 1369 783 arcusque
1395 739 1495 766 cum
1527 722 1754 784 quadrigis

358 815 402 849 et
427 804 676 866 insignibus
701 804 1031 865 triumphorum
1054 822 1134 865 per
1156 805 1355 866 regiones
1379 805 1514 848 Urbis
1538 814 1682 848 tantos
1705 821 1755 848 ac

359 895 423 930 tot
449 887 682 943 exstruxit,
713 895 762 929 ut
789 885 964 930 cuidam
987 901 1124 946 graece
1155 886 1413 946 inscriptum
1444 886 1499 929 sit
1525 902 1534 928 :
1562 887 1752 929 APKEI.

358 965 626 1012 Consulatus
664 966 976 1027 septemdecim
1013 967 1157 1027 cepit,
1193 976 1302 1027 quot
1336 976 1438 1010 ante
1469 983 1570 1010 eum
1607 983 1751 1010 nemo.

359 1050 422 1091 Ex
459 1047 620 1108 quibus
661 1057 829 1108 septem
870 1046 1038 1091 medios
1076 1046 1355 1091 continuavit
1386 1064 1394 1090 ε
1423 1063 1577 1090 omnes
1603 1056 1751 1091 autem

359 1145 482 1188 paene
507 1127 637 1172 titulo
659 1138 789 1172 tenus
819 1128 953 1189 gessit
975 1145 984 1171 :
1011 1144 1090 1172 nec
1108 1143 1376 1188 quemquam
1403 1126 1520 1170 ultra
1542 1126 1753 1171 kalendas

354 1210 458 1253 maii
491 1226 501 1252 :
529 1207 676 1270 plures
700 1208 756 1252 ad
777 1209 875 1252 idus
901 1224 1039 1269 usque
1064 1209 1304 1269 januarias.
1331 1210 1439 1253 Post
1469 1217 1616 1251 autem
1643 1207 1755 1252 duos

359 1290 630 1350 triumphos,
654 1289 912 1334 Germanici
935 1289 1201 1351 cognomine
1223 1297 1439 1342 assumto,
1464 1287 1754 1349 septembrem

359 1386 553 1414 mensem
579 1380 622 1413 et
650 1370 877 1414 octobrem
904 1386 955 1414 ex
980 1367 1354 1430 appellationibus
1382 1371 1495 1423 suis,
1522 1369 1758 1413 Germani-

358 1467 459 1495 cum
491 1451 893 1511 Domitianumque
927 1450 1319 1503 transnominavit3
1347 1448 1466 1509 quod
1499 1447 1639 1492 altero
1665 1466 1757 1494 sus-

358 1532 543 1592 cepisset
568 1532 802 1592 imperium
820 1565 831 1583 ,
858 1530 996 1574 altero
1018 1540 1148 1574 natus
1171 1540 1295 1574 esset.

424 1614 548 1657 XIV.
569 1614 653 1656 Per
669 1612 761 1655 haec
780 1610 989 1655 terribilis
1010 1611 1183 1655 cunctis
1203 1620 1247 1654 et
1270 1611 1455 1668 invisus,
1481 1610 1658 1654 tandem
1680 1627 1757 1672 op-

359 1708 535 1752 pressus
560 1701 623 1735 est
648 1692 894 1735 amicorum
918 1690 1270 1752 libertorumque
1298 1691 1555 1735 intimorum
1582 1692 1755 1751 conspi-

360 1773 555 1829 ratione,
578 1771 708 1817 simul
734 1782 776 1816 et
798 1773 963 1816 uxoris.
990 1775 1168 1816 Annum
1196 1770 1401 1832 diemque
1428 1770 1632 1815 ultimum
1656 1772 1755 1814 vitae

356 1854 446 1913 jam
475 1852 644 1913 pridem
676 1862 931 1914 suspectum
957 1852 1149 1896 habebat
1170 1869 1178 1895 :
1203 1852 1360 1896 horam
1387 1853 1543 1908 etiam,
1568 1869 1647 1896 nec
1665 1864 1755 1895 non

360 1943 402 1976 et
430 1949 566 1994 genus
592 1934 758 1976 mortis.
782 1931 1125 1977 Adolescentulo
1150 1931 1343 1977 Chaldaei
1367 1941 1524 1976 cuncta
1547 1931 1757 1993 praedixe-

361 2023 473 2056 rant.
501 2015 630 2057 Pater
651 2029 830 2074 quoque
858 2030 992 2074 super
1016 2029 1189 2057 coenam
1209 2012 1432 2073 quondam
1456 2012 1604 2073 fungis
1625 2011 1758 2057 absti-

362 2104 536 2137 nentem
576 2092 721 2154 palam
759 2095 983 2148 irriserat,
1021 2103 1069 2137 ut
1106 2094 1311 2154 ignarum
1344 2093 1473 2136 sortis
1498 2109 1606 2149 suae,
1635 2092 1756 2153 quod

362 2190 450 2218 non
477 2173 642 2218 ferrum
665 2175 813 2235 potius
835 2176 1023 2218 timeret.
1046 2174 1198 2231 Quare
1218 2172 1403 2234 pavidus
1425 2190 1600 2234 semper
1622 2183 1756 2234 atque

362 2256 536 2312 anxius,
559 2255 752 2299 minimis
774 2255 905 2299 etiam
927 2255 1254 2316 suspicionibus
1276 2264 1434 2316 praeter
1455 2253 1637 2298 modum
1655 2271 1756 2298 con-

362 2336 644 2390 movebatur3
681 2346 731 2380 ut
772 2335 929 2390 edicti,
963 2336 1016 2379 de
1053 2334 1305 2380 excidendis
1344 2336 1482 2379 vineis
1510 2334 1755 2396 propositi,

363 2418 548 2478 gratiam
581 2416 723 2461 facere
758 2434 847 2461 non
879 2416 962 2460 alia
997 2417 1137 2478 magis
1174 2433 1220 2460 re
1255 2416 1509 2477 compulsus
1535 2415 1756 2469 credatur,

364 2513 496 2555 quam
517 2497 637 2557 quod
664 2498 802 2558 sparsi
828 2496 961 2540 libelli
988 2513 1088 2540 cum
1116 2497 1181 2540 his
1210 2497 1406 2540 versibus
1429 2508 1554 2540 erant
1583 2514 1590 2539 :

496 2617 562 2652 Κῆν
589 2629 628 2660 με
651 2616 754 2661 φάγῃς
781 2616 833 2649 ἐπὶ
857 2617 964 2660 ῥίζαν,
992 2616 1074 2658 ὅμως
1104 2616 1149 2647 ἔτι
1172 2615 1425 2659 καρπεφορῆσω,

551 2669 656 2710 ‘'mco-a
686 2680 878 2711 ἐπισπεῖσαι
908 2677 1050 2720 Καίσαρι
1077 2678 1229 2721 (linui-aq»
