1971 3342
382 234 456 269 266
915 234 953 269 C.
985 235 1214 270 SUETONII

382 329 472 362 tum
489 318 630 379 capite
651 319 844 379 integro,
863 318 1057 362 hinnitus
1071 318 1197 362 edere
1213 333 1407 362 canoros.
1425 320 1489 361 De
1504 318 1738 376 mausoleo,

382 409 535 459 sponte
557 399 722 443 foribus
748 397 993 459 patefactis,
1025 398 1226 442 exaudita
1247 415 1330 442 vox
1354 406 1417 440 est
1442 398 1618 441 nomine
1640 414 1739 442 eum

382 481 546 524 cientis.
578 479 783 525 Kalendis
816 480 1003 540 januarii
1039 480 1234 524 exornati
1258 481 1393 523 Lares
1421 479 1464 521 in
1492 479 1585 539 ipso
1606 480 1739 523 sacri-

382 562 465 605 ficii
488 571 701 622 apparatu
726 559 1022 604 conciderunt.
1047 560 1302 621 Auspicanti
1342 561 1506 619 Sporus
1529 558 1738 604 annulum

379 642 549 686 muneri
564 640 736 696 obtulit,
757 641 882 700 cujus
898 657 1078 701 gemmae
1091 639 1313 702 sculptura
1330 650 1420 684 erat
1443 642 1740 701 «Proserpinae

379 733 578 783 raptus.»
604 724 821 766 Votorum
850 722 1202 781 nuncupatione,
1236 738 1392 782 magna
1420 722 1511 781 jam
1536 722 1740 766 ordinum

379 803 640 862 frequentia,
668 803 740 845 vix
764 811 943 862 repertae
966 800 1173 862 Capitolii
1206 800 1360 846 claves.
1389 803 1539 859 Quum
1566 819 1618 847 ex
1647 819 1743 847 ora-

379 885 494 927 tione
520 884 639 943 ejus‚
676 899 760 942 qua
799 883 843 926 in
876 881 1106 926 Vindicem
1133 882 1382 941 perorabat,
1406 883 1665 927 recitaretur
1696 885 1738 927 in

377 974 548 1019 senatu,
570 963 782 1007 «daturos
805 979 953 1023 poenas
976 961 1223 1017 sceleratos,
1243 978 1290 1006 ac
1313 963 1432 1006 brevi
1453 962 1632 1024 dignum
1659 966 1744 1007 exi-

379 1056 472 1089 tum
497 1044 707 1099 facturos,
723 1064 743 1085 n
771 1043 1093 1088 conclamatum
1113 1052 1176 1086 est
1202 1042 1256 1086 ab
1284 1043 1493 1086 universis
1519 1061 1527 1086 :
1553 1046 1653 1088 «Tu
1678 1045 1740 1088 fa-

378 1126 484 1179 cies,
513 1128 755 1186 Auguste.»
776 1124 1069 1168 Observatum
1105 1124 1236 1167 etiam
1271 1123 1433 1180 fuerat,
1462 1124 1741 1169 novissimam

375 1204 566 1249 fabulam
599 1215 796 1249 cantasse
830 1221 929 1248 eum
962 1203 1134 1264 publice
1161 1203 1473 1264 «OEdipodem
1499 1202 1742 1260 exsulem,»

376 1295 507 1345 atque
530 1285 573 1328 in
602 1286 686 1329 hoc
707 1284 865 1329 desisse
889 1301 1017 1329 versu
1043 1302 1051 1328 :

605 1398 719 1430 Θανεῖν
746 1401 779 1442 μ’
805 1399 906 1443 ἅνῳγε
933 1400 1111 1443 σύγγαιμος,
1132 1398 1254 1442 μήτηρ,
1281 1398 1399 1441 πατὴρ.

437 1488 619 1530 XLVII.
648 1486 686 1528 N
691 1486 863 1528 unciata
880 1486 1053 1528 interim
1071 1486 1198 1528 etiam
1215 1494 1456 1527 ceterorum
1474 1486 1740 1528 exercituum

374 1566 640 1621 defectione,
673 1564 838 1609 litteras
874 1565 1105 1624 prandenti
1142 1564 1222 1607 sibi
1257 1563 1445 1607 redditas
1473 1566 1742 1625 concerpsit,

375 1663 567 1690 mensam
601 1645 838 1700 subvertit,
870 1644 977 1687 duos
1012 1645 1193 1705 scyphos
1219 1644 1449 1704 gratissimi
1481 1661 1606 1700 usus,
1634 1662 1742 1704 quos

377 1728 608 1771 Homerios
646 1742 670 1769 a
705 1724 907 1769 caelatura
933 1725 1174 1768 carminum
1198 1725 1377 1767 Homeri
1407 1724 1591 1767 vocabat
1609 1759 1620 1779 ,
1651 1725 1743 1768 solo

374 1807 514 1863 illisit,
531 1823 580 1851 ac
594 1815 738 1850 sumto
759 1822 783 1848 a
803 1808 993 1849 Locusta
1007 1821 1194 1860 veneno,
1217 1814 1259 1847 et
1284 1804 1328 1846 in
1344 1820 1519 1847 auream
1541 1804 1740 1865 pyxidem

375 1887 574 1942 condito,
603 1886 774 1929 transiit
804 1886 849 1928 in
884 1885 1034 1928 hortos
1068 1883 1342 1928 Servilianos.
1380 1884 1487 1939 Ubi,
1513 1885 1742 1945 praemissis

375 1967 634 2011 libertorum
665 1965 882 2009 fidissimis
913 1966 1083 2009 Ostiam
1109 1963 1163 2007 ad
1188 1963 1364 2007 classem
1389 1963 1715 2023 praeparandam
1731 1999 1741 2019 ,

375 2049 575 2092 tribunos
604 2047 964 2105 centurionesque
991 2043 1181 2104 praetorii
1207 2042 1259 2086 de
1281 2042 1392 2103 fugae
1420 2044 1621 2087 societate
1646 2054 1739 2088 ten-

372 2129 491 2172 tavit.
522 2126 606 2170 Sed
633 2127 792 2186 partim
816 2123 1218 2184 tergiversantibus,
1247 2123 1406 2183 partim
1429 2132 1577 2184 aperte
1603 2123 1742 2168 detre—

372 2208 610 2263 ctantibus,
635 2223 724 2249 uno
748 2221 852 2249 vero
877 2205 1007 2248 etiam
1033 2201 1333 2264 proclamante
1349 2237 1360 2259 ,

602 2313 728 2359 Usque
751 2311 895 2346 adeone
917 2310 1015 2345 mori
1037 2310 1211 2345 miserum
1235 2308 1310 2344 est?

372 2408 489 2451 varia
511 2406 691 2466 agitavit
719 2422 727 2448 ε
754 2404 992 2448 Parthosne
1008 2438 1019 2457 ,
1045 2419 1100 2446 an
1129 2401 1314 2447 Galbam
1340 2401 1523 2471 supplex
1549 2412 1737 2463 peteret,

371 2505 424 2531 an
441 2496 606 2531 atratus
624 2483 817 2547 prodiret
841 2485 884 2528 in
906 2482 1147 2544 publicum,
1173 2499 1338 2543 proque
1365 2483 1553 2539 Rostris,
1573 2492 1735 2543 quanta

373 2568 559 2611 maxima
588 2576 732 2627 posset
759 2564 1060 2614 miseratione,
1088 2563 1256 2606 veniam
1288 2563 1602 2623 praeteritorum
1640 2579 1736 2622 pre-

374 2658 558 2702 caretur,
584 2664 655 2701 ac,
680 2646 721 2688 ni
744 2638 924 2688 sscxissrt
954 2643 1139 2698 animos,
1160 2641 1221 2686 vel
1244 2644 1414 2703 AEgypti
1437 2641 1733 2702 praefecturam
