1971 3342
313 220 360 254 27³5
857 221 894 255 C.
926 221 1159 257 §UETONH

310 303 511 363 quamvis
554 302 854 364 flagitantibus
897 305 1094 360 cunctis,
1143 304 1398 364 promittere
1436 303 1697 359 audentem,

311 383 497 442 ideoque
522 400 743 444 egressum
780 383 973 439 theatro,
1003 393 1303 440 revocaverat,
1341 385 1462 443 quasi
1497 401 1698 445 perseve-

312 464 451 506 rantis
489 463 644 525 populi
681 462 897 524 legatione
931 475 1157 525 suscepta,
1187 463 1546 524 exorandumque
1584 481 1695 525 prae-

307 543 477 589 buerat.

373 627 428 670 V.
466 628 620 671 Trium
654 629 803 689 itaque
834 631 1085 692 principum
1111 629 1406 691 indulgentia,
1438 645 1525 673 non
1553 626 1695 671 solum

307 705 578 764 honoribus,
609 725 762 753 verum
800 719 844 753 et
883 711 1139 755 sacerdotiis
1179 709 1460 771 amplissimis
1502 717 1691 763 auctus,

307 787 671 847 proconsulatum
693 790 850 834 Africae
874 801 974 852 post
999 791 1110 846 haec,
1136 808 1375 851 curamque
1397 806 1581 850 operum
1608 805 1692 849 pu·

306 865 526 912 blicorum
556 869 899 929 administravit,
928 882 970 916 et
1007 871 1232 916 voluntate
1255 871 1445 932 dispari,
1480 881 1523 915 et
1548 870 1693 913 existi-

306 949 513 993 matione.
539 951 590 993 In
612 951 839 1011 provincia
865 952 1131 1014 singularem
1161 953 1457 996 innocentiam
1488 951 1693 1012 praestitit

306 1027 488 1073 biennio
509 1031 790 1088 continuato,
816 1050 955 1092 quum
974 1033 1221 1078 succedenti
1251 1032 1375 1076 fratri
1402 1031 1570 1094 legatus
1591 1032 1692 1076 sub-

306 1108 497 1153 stitisset.
539 1113 597 1155 At
637 1112 681 1155 in
716 1113 886 1157 urbano
921 1113 1065 1158 officio
1110 1113 1227 1158 dona
1270 1124 1402 1174 atque
1436 1122 1694 1156 ornamenta

305 1188 575 1250 templorum
601 1193 886 1254 surripuisse,
914 1204 956 1238 et
983 1205 1276 1239 commutasse
1302 1193 1501 1254 quaedam
1532 1193 1699 1236 fereba-

305 1279 394 1327 tur,
430 1288 600 1333 proque
642 1289 750 1317 auro
791 1283 834 1317 et
865 1285 1048 1335 argento
1083 1285 1289 1319 stannum
1323 1284 1364 1319 et
1396 1274 1696 1319 aurichalcum

306 1353 600 1412 supposuisse.

370 1433 446 1476 VI.
470 1435 665 1479 Uxorem
684 1436 840 1482 habuit
863 1440 1139 1496 Petroniam,
1164 1438 1409 1484 consularis
1434 1438 1515 1481 viri
1537 1437 1669 1481 filiam
1686 1472 1696 1490 .,

306 1522 349 1557 et
390 1530 443 1558 ex
487 1531 537 1559 ea
578 1515 716 1560 filium
761 1521 1075 1563 Petronianum
1099 1555 1110 1577 ,
1157 1530 1335 1581 captum
1375 1519 1513 1564 altero
1549 1519 1691 1563 oculo.

305 1595 458 1650 Hunc,
491 1595 696 1641 heredem
728 1615 753 1642 a
784 1610 923 1643 matre
957 1601 1037 1644 sub
1072 1600 1328 1645 conditione
1356 1601 1629 1654 institutum,
1658 1602 1695 1644 si

305 1673 359 1718 de
389 1685 603 1736 potestate
643 1679 779 1739 patris
811 1681 990 1737 exisset,
1019 1699 1151 1725 manu
1182 1682 1352 1737 emisit,
1378 1682 1588 1742 brevique
1609 1716 1620 1738 ,
1645 1692 1692 1725 ut

304 1756 522 1801 creditum
544 1768 630 1816 est,
652 1761 896 1817 interemit,
919 1762 1221 1806 insimulatum
1242 1763 1422 1823 insuper
1444 1762 1692 1823 parricidii,

303 1848 346 1882 et
370 1841 493 1899 quasi
515 1850 718 1901 paratum
742 1842 797 1886 ad
818 1842 958 1886 scelus
982 1860 1197 1888 venenum
1221 1861 1273 1887 ex
1299 1845 1567 1888 couscientia
1589 1844 1694 1888 hau-

303 1920 441 1964 sisset.
466 1922 606 1965 Duxit
635 1939 737 1966 mox
760 1922 987 1968 Galeriam
1011 1925 1270 1969 Fundanam
1298 1926 1505 1986 praetorio
1531 1936 1654 1985 patre
1677 1943 1685 1968 ε

303 2015 353 2043 ac
391 1999 445 2044 de
488 2001 570 2047 hac
612 2020 791 2064 quoque
832 2003 992 2049 liberos
1032 2006 1262 2065 utriusque
1301 2022 1427 2049 sexus
1462 2004 1589 2060 tulit3
1619 2007 1690 2050 sed

303 2097 469 2127 marem
500 2084 735 2129 titubantia
762 2087 850 2129 oris
888 2103 1026 2147 prope
1053 2097 1225 2130 mutum
1257 2096 1300 2130 et
1324 2086 1558 2148 elinguem.

367 2167 468 2209 VII.
490 2167 527 2210 A
544 2164 688 2210 Galba
709 2167 752 2209 in
776 2166 1027 2210 inferiorem
1048 2169 1332 2213 Germaniam
1355 2179 1507 2212 contra
1527 2170 1698 2230 opinio-

303 2262 403 2289 nem
426 2246 582 2290 missus
601 2256 678 2290 est.
700 2247 916 2308 Adjutum
935 2259 1094 2310 putant
1116 2251 1164 2292 T.
1194 2250 1307 2293 Vinii
1330 2249 1561 2311 suffragio,
1588 2261 1694 2294 tunc

304 2328 595 2387 potentissimi
615 2362 625 2385 ,
647 2337 690 2373 et
712 2329 781 2373 cui
806 2329 898 2389 jam
927 2329 1098 2390 pridem
1124 2347 1201 2391 per
1229 2346 1510 2375 communem
1532 2331 1690 2375 factio-

304 2409 369 2452 nis
399 2419 562 2453 venetae
596 2409 790 2453 favorem
827 2409 1084 2455 conciliatus
1125 2421 1236 2455 esset
1258 2429 1266 2454 ε
1290 2413 1372 2455 nisi
1405 2411 1524 2472 quod
1552 2411 1693 2457 Galba

303 2505 391 2548 prae
411 2506 454 2533 se
472 2489 599 2545 tulit,
624 2490 767 2534 nullos
791 2492 935 2535 minus
960 2492 1244 2549 metuendos,
1267 2510 1400 2553 quam
1426 2495 1500 2554 qni
1527 2493 1578 2537 de
1600 2493 1692 2537 solo

302 2571 423 2614 victu
447 2572 715 2632 cogitarent,
740 2590 789 2617 ac
815 2590 943 2636 posse
969 2573 1312 2633 provincialibus
1342 2577 1478 2636 copiis
1505 2576 1689 2635 profun-

303 2650 404 2695 dam
430 2653 524 2712 ejus
550 2652 713 2714 expleri
737 2653 912 2715 gulam3
935 2665 981 2697 ut
1005 2656 1142 2699 cuivis
1161 2656 1337 2700 evidens
1356 2658 1438 2714 sit,
1458 2666 1685 2701 contemtu
