1988 3407
784 240 1058 276 VITELLIUS.
1577 253 1620 283 '²7

232 329 369 374 salina
403 328 548 390 petiit,
584 336 632 370 ut
655 324 736 369 sibi
766 323 896 385 pedes
932 322 1146 384 praeberet
1172 321 1476 368 excalciandos
1508 340 1516 367 :
1543 323 1619 367 de-

234 420 512 471 tractumque
533 405 758 452 soeculum
783 404 1011 461 dextrum,
1044 404 1158 448 inter
1183 413 1329 466 togam
1361 405 1620 466 tunicasque

233 492 419 554 gestavit
452 489 648 543 assidue,
688 502 1011 547 nonnunquam
1045 484 1388 530 osculabundus.
1427 487 1620 531 Narcissi

232 589 408 634 quoque
433 582 475 616 et
498 569 708 616 Pallantis
744 569 957 629 imagines
991 584 1145 612 aureas
1170 569 1284 612 inter
1307 569 1442 611 Lares
1469 567 1620 613 coluit.

234 654 379 715 Hujus
402 663 445 697 et
480 651 553 696 illa
583 668 669 695 vox
699 660 791 708 est,
817 651 982 711 «Saepe
1017 649 1208 706 facias3»
1237 665 1374 710 quum
1403 648 1621 694 seculares

233 734 358 779 ludos
384 733 531 778 edenti
560 730 749 778 Claudio
777 729 1090 793 gratularetur.

296 817 376 860 III.
408 814 609 859 Decessit
629 811 844 875 paralysi,
868 811 1006 857 altero
1030 812 1100 856 die
1129 828 1261 874 quam
1283 821 1511 873 correptus
1539 822 1624 868 est,

232 896 406 941 duobus
424 894 524 940 filiis
545 895 879 957 superstitibus,
896 911 1007 956 quos
1028 909 1080 938 ex
1102 892 1300 949 Sextilia,
1318 893 1627 955 probatissima

232 994 312 1023 nec
341 975 525 1039 ignobili
562 975 750 1031 femina,
789 975 930 1021 editos
970 974 1173 1020 consules
1203 974 1335 1032 vidit,
1372 984 1416 1019 et
1450 974 1627 1036 quidem

231 1059 386 1104 eodem
415 1059 567 1104 ambos
592 1069 775 1119 totoque
799 1075 938 1115 anno,
965 1074 1104 1118 quum
1133 1057 1291 1118 majori
1313 1057 1460 1101 minor
1483 1056 1527 1100 in
1556 1072 1629 1100 sex

231 1157 400 1186 menses
430 1141 720 1186 successisset.
759 1140 1030 1185 Defunctum
1060 1149 1236 1184 senatus
1268 1138 1447 1200 publico
1476 1138 1629 1182 funere

233 1223 469 1267 honoravit
496 1241 504 1266 :
533 1223 638 1266 item
674 1232 819 1266 statua
862 1239 942 1282 pro
982 1222 1183 1279 Rostris,
1216 1237 1318 1265 cum
1359 1221 1441 1265 hac
1477 1221 1631 1264 inseri-

234 1305 637 1365 ptione,P1ETAT1s
660 1319 909 1348 miuomms
937 1318 1063 1347 ERGA
1087 1318 1358 1348 ΡΒΙΝΟΙΡΕΜ.
1389 1301 1528 1347 Aulus
1552 1302 1629 1345 Vi-

234 1384 378 1430 tellius
401 1387 450 1430 L.
472 1383 588 1429 filius
614 1386 855 1446 imperator
872 1394 998 1427 natus
1020 1393 1083 1427 est
1101 1393 1258 1427 octavo
1278 1382 1484 1427 kalendas
1509 1392 1632 1426 octo-

232 1467 349 1522 bris,
377 1465 472 1523 vel,
503 1476 551 1511 ut
579 1465 784 1526 quidam,
824 1465 1010 1526 septimo
1044 1463 1142 1508 idus
1175 1464 1456 1525 septembriS,
1483 1465 1630 1507 Druso

232 1551 423 1605 (Jaesare,
454 1547 670 1593 Norbano
695 1546 873 1604 Flacco,
911 1545 1183 1591 consulibus.
1208 1546 1471 1590 Genituram
1507 1546 1601 1606 ejus
1619 1581 1629 1598 ,

232 1628 485 1691 praedictam
512 1646 537 1673 a
566 1628 907 1684 mathematicis,
944 1630 1002 1672 ita
1038 1637 1241 1689 parentes
1277 1627 1631 1683 exhorruerunt,

236 1721 286 1756 ut
320 1721 443 1773 pater
476 1727 638 1771 magno
673 1727 806 1771 opere
844 1726 1015 1770 semper
1047 1708 1353 1764 contenderit,
1395 1725 1448 1752 ne
1475 1725 1561 1769 qua
1590 1709 1629 1752 ei

233 1793 461 1853 provincia
483 1793 583 1836 vivo
604 1809 648 1836 se
670 1793 1047 1847 committeretur3
1073 1801 1213 1836 mater
1236 1800 1279 1834 et
1298 1791 1479 1834 missum
1497 1789 1550 1834 ad
1571 1788 1629 1833 le-

235 1874 411 1934 giones,
450 1882 492 1916 et
521 1871 789 1934 appellatum
818 1874 1154 1933 imperatorem,
1182 1889 1264 1934 pro
1293 1871 1456 1916 afflicto
1481 1871 1627 1915 statim

240 1954 477 1998 lamentata
503 1954 570 1997 sit.
602 1953 838 1997 Pueritiam
869 1955 1143 2014 primamque
1178 1952 1518 1996 adolescentiam
1546 1953 1630 1996 Ca—

237 2037 351 2098 preis
377 2036 465 2097 egit
490 2037 602 2079 inter
621 2035 857 2079 Tiberiana
885 2045 1050 2092 scorta,
1072 2045 1115 2079 et
1137 2036 1230 2096 ipse
1258 2044 1475 2096 perpetuo
1498 2033 1631 2094 Spin—

239 2118 333 2161 triae
363 2118 626 2179 cognomine
655 2126 850 2172 notatus,
878 2117 1238 2177 existimatusque
1268 2116 1467 2176 corporis
1493 2114 1630 2176 gratia

237 2198 410 2242 initium
434 2208 478 2242 et
505 2215 634 2242 causa
668 2199 1041 2242 incrementorum
1071 2198 1184 2259 patri
1211 2197 1356 2241 fuisse.

302 2281 382 2324 IV.
407 2280 615 2340 Sequenti
638 2296 815 2340 quoque
843 2289 967 2323 aetate
994 2279 1199 2323 omnibus
1222 2279 1396 2340 probris
1419 2279 1630 2322 contami-

243 2370 393 2416 natus,
420 2361 690 2421 praecipuum
719 2362 760 2404 in
789 2359 886 2404 aula
918 2359 1061 2404 locum
1091 2361 1259 2414 tenuit;
1284 2361 1395 2404 Caio
1420 2376 1499 2420 per
1518 2360 1630 2403 auri-

238 2441 398 2503 gandi,
440 2440 626 2487 Claudio
666 2459 742 2503 per
783 2441 886 2485 aleae
922 2441 1116 2486 studium
1150 2441 1400 2498 familiari53
1441 2441 1512 2485 sed
1548 2440 1627 2484 ali—

237 2534 402 2584 quanto
445 2524 608 2567 Neroni
651 2525 886 2585 acceptior,
932 2540 1069 2584 quum
1105 2533 1286 2584 propter
1324 2523 1472 2567 eadem
1509 2523 1630 2577 liaee,

238 2615 329 2648 tum
373 2592 579 2665 peculiari
620 2606 801 2659 merito,
834 2605 950 2665 quod
993 2605 1230 2666 przcsidens
1269 2604 1496 2648 certamini
1539 2604 1626 2647 Ne-

239 2701 394 2740 roneo,
433 2685 679 2745 cupientem
726 2686 837 2728 inter
878 2686 1140 2729 citliaroedos
1184 2685 1469 2739 contendere,
1518 2702 1627 2735 nec,
