1988 3439
624 281 661 315 C.
694 278 867 314 JULIUS
896 277 1074 313 CAESAR.
1484 276 1530 311 23

165 384 238 428 per
265 365 431 410 libellos
454 366 614 409 circum
640 363 777 407 tribus
801 363 952 407 missos
982 361 1198 423 scriptura
1220 361 1341 406 brevi
1366 378 1374 405 :
1402 380 1422 402 «
1444 362 1533 406 Cae-

163 464 232 491 sar
265 447 467 490 Dictator
502 442 564 487 illi
602 443 749 486 tribui.
787 441 1059 488 Commendo
1091 441 1215 485 vobis
1249 439 1372 485 illum
1407 450 1450 485 et
1487 440 1534 484 il-

163 526 272 582 lum,
296 536 345 571 ut
364 535 509 569 vestro
533 524 742 586 suffragio
765 540 886 568 suam
914 523 1172 585 dignitatem
1195 529 1417 572 teneant.»
1450 519 1534 565 Ad-

162 608 279 652 misit
307 606 362 652 ad
396 605 583 650 honores
612 615 654 649 et
690 606 1039 666 proscriptorum
1071 602 1244 647 liberos.
1275 600 1448 645 Judicia
1478 599 1533 644 ad

163 688 251 732 duo
274 703 432 749 genera
458 685 660 747 judicum
684 685 878 748 redegit,
903 685 1117 746 equestris
1147 683 1311 728 ordinis
1342 698 1391 726 ac
1418 698 1536 726 sena-

164 768 264 812 torii
300 784 309 810 :
346 767 544 811 tribunos
577 767 778 822 aerarios,
816 766 935 827 quod
973 775 1066 810 erat
1103 765 1304 821 tertium,
1341 760 1532 807 sustulit.

162 850 405 892 Recensum
431 846 608 909 populi,
636 863 716 891 nec
743 863 865 890 more
881 881 892 903 ,
917 863 996 890 nec
1020 845 1116 890 loco
1140 843 1294 901 solito,
1320 842 1395 888 sed
1422 842 1536 886 vica-

163 928 240 971 tim
265 944 342 988 per
366 927 566 971 dominos
595 926 837 971 insularum
864 927 954 988 egit
981 943 989 969 :
1018 935 1149 987 atque
1184 941 1235 969 ex
1263 923 1419 985 viginti
1446 932 1535 965 tre-

163 1009 388 1068 centisque
416 1006 610 1052 millibus
640 1009 948 1069 accipientium
980 1007 1249 1051 frumentum
1282 1021 1304 1049 e
1329 1002 1536 1065 publico,

163 1087 218 1131 ad
243 1098 417 1132 centum
444 1089 761 1150 quinquaginta
785 1088 976 1133 retraxit.
1004 1090 1066 1132 Ac
1087 1103 1142 1130 ne
1165 1087 1239 1146 qui
1268 1086 1368 1129 novi
1401 1093 1536 1128 coetus

164 1168 428 1212 recensionis
458 1184 588 1211 causa
620 1170 785 1212 moveri
808 1168 1071 1229 quandoque
1097 1176 1295 1228 possent,
1321 1164 1538 1219 instituit,

165 1249 399 1307 quotannis
436 1248 478 1290 in
511 1247 842 1292 demortuorum
874 1247 1018 1292 locum
1046 1265 1098 1291 ex
1136 1247 1206 1303 iis,
1233 1246 1308 1306 qui
1336 1244 1539 1288 recensiti

166 1344 255 1371 non
285 1337 445 1384 essent,
478 1328 731 1372 subsortitio
759 1345 782 1371 a
810 1338 993 1388 praetore
1018 1328 1153 1371 fieret.

227 1409 366 1451 XLII.
402 1408 637 1468 Octoginta
666 1416 812 1450 autem
838 1407 1000 1450 civium
1030 1405 1222 1451 millibus
1255 1408 1299 1449 in
1324 1415 1539 1450 transma-

164 1487 281 1530 rinas
320 1486 511 1531 colonias
556 1486 830 1543 distributis,
865 1496 913 1530 ut
952 1486 1169 1530 exhaustae
1203 1501 1378 1546 quoque
1419 1484 1539 1528 urbis

165 1564 412 1626 frequentia
447 1576 719 1628 suppeteret,
749 1567 912 1623 sanxit,
946 1583 1000 1610 ne
1024 1567 1120 1627 quis
1147 1567 1253 1610 civis
1290 1565 1429 1625 major
1463 1580 1539 1608 an-

167 1646 232 1690 nis
257 1647 415 1708 viginti
432 1681 443 1703 ,
469 1648 664 1690 minorve
691 1646 981 1707 quadraginta
997 1681 1008 1703 ,
1033 1647 1108 1707 qui
1143 1654 1415 1690 sacramento
1449 1660 1538 1687 non

168 1736 404 1785 teneretur,
439 1726 537 1788 plus
574 1727 762 1771 triennio
791 1727 1002 1771 continuo
1038 1726 1164 1770 Italia
1201 1725 1367 1769 abesset
1406 1741 1415 1767 :
1453 1740 1539 1767 neu

167 1809 264 1867 quis
298 1810 509 1853 senatoris
542 1807 678 1864 filius,
705 1809 787 1852 nisi
817 1806 1144 1852 contubernalis
1178 1816 1254 1850 aut
1282 1822 1427 1849 comes
1456 1820 1542 1847 ma-

168 1888 398 1948 gistratus,
422 1905 602 1950 peregre
633 1889 987 1949 proficisceretur
1011 1905 1019 1931 :
1044 1904 1153 1931 neve
1177 1887 1244 1943 hi,
1269 1887 1344 1946 qui
1379 1901 1540 1946 pecua-

167 1968 277 2012 riam
304 1968 514 2026 facerent,
533 1970 678 2013 minus
702 1970 828 2013 tertia
853 1978 975 2029 parte
1000 1969 1217 2029 puberum
1243 1969 1540 2028 ingenuorum

167 2048 281 2092 inter
316 2059 510 2110 pastores
546 2050 769 2094 haberent.
807 2052 1061 2109 Omnesque
1095 2048 1359 2092 medicinam
1391 2049 1542 2091 Romae

170 2128 404 2187 professos,
429 2140 472 2174 et
497 2129 743 2175 liberalium
778 2131 938 2174 artium
972 2128 1196 2183 doctores,
1220 2144 1308 2188 quo
1337 2126 1543 2170 libentius

168 2217 211 2250 et
238 2207 319 2267 ipsi
349 2209 501 2252 urbem
530 2209 788 2266 incolerent,
819 2220 861 2254 et
889 2210 1017 2254 ceteri
1057 2217 1339 2270 appeterent,
1369 2206 1543 2250 civitate

169 2285 361 2330 donavit.
387 2290 453 2331 De
477 2290 676 2347 pecuniis
705 2291 893 2343 mutuis,
917 2289 1099 2350 disjecta
1127 2304 1339 2332 novarum
1371 2284 1542 2330 tabula-

169 2382 267 2409 rum
311 2368 661 2426 exspectatione,
708 2384 804 2427 quae
843 2368 997 2411 crebro
1037 2368 1312 2422 movebatur,
1355 2364 1543 2410 decrevit

172 2445 374 2502 tandem,
400 2455 447 2489 ut
472 2445 689 2489 debitores
713 2446 1001 2490 creditoribus
1026 2447 1345 2502 satisfacerent,
1370 2462 1448 2506 per
1471 2460 1545 2488 aes-

170 2527 442 2571 timationem
477 2528 824 2588 possessionum,
860 2529 1011 2588 quanli
1051 2544 1245 2587 quasque
1282 2536 1381 2570 ante
1418 2522 1544 2568 civile

170 2605 332 2651 bellum
369 2618 720 2667 comparassent,
759 2608 947 2652 deducto
986 2625 1166 2652 summae
1200 2608 1295 2651 aeris
1331 2605 1482 2663 alieni,
1510 2605 1542 2648 si

171 2686 274 2745 quid
310 2704 452 2731 usurae
489 2689 663 2732 nominc
690 2699 991 2745 numeratum,
1018 2699 1089 2732 aut
1121 2690 1410 2749 perscriptum
1442 2686 1546 2730 fuis-
