1971 3342
462 229 506 265 18
980 225 1017 261 C.
1040 226 1268 263 SUETONII

458 317 569 367 erat,
593 308 770 370 paulum
792 307 1002 364 constitit,
1028 324 1075 351 ac
1099 317 1302 367 reputans
1326 315 1535 366 quantum
1561 303 1806 353 moliretur.

459 404 690 434 conversus
723 387 777 431 ad
804 387 1049 447 proximos,
1079 389 1228 430 Etiam
1262 401 1405 438 nunc,
1441 384 1608 444 inquit,
1644 382 1811 443 regredi

451 482 685 523 possamus
713 484 724 510 .·
761 466 881 527 quod
917 466 957 509 sc'
982 465 1256 527 ponticulum
1295 465 1592 508 transierimus
1608 496 1619 517 ‚
1662 459 1808 505 omnia

458 547 594 590 armis
616 544 789 607 agenda
810 553 945 589 erunt.

518 626 703 668 XXXII.
737 623 971 667 Cunctanti
992 631 1208 666 ostentum
1228 621 1311 665 tale
1333 621 1496 665 factum
1521 631 1595 665 est.
1617 619 1805 677 Quidam

459 704 616 748 eximia
635 702 930 763 magnitudine
947 711 989 745 et
1005 701 1142 744 forma
1164 701 1208 743 in
1232 701 1430 760 proximo
1450 700 1618 755 sedens,
1634 709 1811 758 repente

460 784 682 843 apparuit,
708 781 917 826 arundine
943 797 1101 825 canens
1126 797 1134 823 :
1160 779 1214 823 ad
1237 796 1365 840 quem
1392 779 1653 823 audiendum
1678 795 1809 838 quum

460 871 614 921 praeter
652 870 866 921 pastores,
905 859 1081 920 plurimi
1118 860 1245 902 etiam
1281 875 1332 902 ex
1370 858 1623 901 stationibus
1653 856 1811 900 milites

461 940 797 995 concurrissent,
826 940 1022 998 interque
1046 955 1117 981 eos
1144 947 1186 981 et
1214 947 1470 991 aeneatores,
1499 945 1622 996 rapta
1646 936 1698 978 ab
1723 952 1812 978 uno

462 1019 564 1062 tuba
598 1017 796 1079 prosiluit
830 1018 884 1061 ad
922 1018 1079 1061 flumen
1098 1051 1109 1073 ,
1138 1026 1180 1060 et
1209 1016 1375 1076 ingenti
1405 1016 1555 1075 spiritu
1588 1014 1813 1058 classicum

461 1113 656 1152 exorsus,
674 1096 890 1157 pertendit
907 1096 960 1139 ad
977 1096 1154 1139 alteram
1171 1096 1321 1156 ripam.
1336 1097 1458 1138 Tunc
1476 1096 1632 1150 Caesar,
1650 1096 1692 1137 E
1695 1103 1811 1148 atur,

462 1175 623 1234 inquit,
663 1191 748 1236 quo
789 1175 965 1219 deorum
1008 1183 1178 1219 ostenta
1218 1183 1256 1216 et
1298 1175 1566 1217 mimicorum
1610 1172 1815 1233 iniquitas

462 1263 604 1298 vocat,
629 1257 753 1298 lacta
776 1254 871 1297 alea
894 1262 995 1297 esto.

525 1334 732 1376 XXXIII.
767 1335 907 1390 Atque
932 1333 990 1374 ita
1016 1332 1191 1390 trajecto
1215 1333 1424 1386 exercitu,
1449 1331 1650 1374 adhibitis
1678 1331 1816 1374 tribu-

464 1412 531 1454 nis
556 1409 714 1470 plebis,
740 1411 813 1469 qui
838 1408 950 1470 pulsi
975 1420 1331 1470 supervenerant,
1357 1426 1435 1470 pro
1460 1411 1664 1453 concione
1688 1409 1816 1454 fidem

464 1488 652 1533 militum
670 1522 681 1544 ,
710 1488 846 1545 flens,
874 1504 922 1531 ac
951 1497 1067 1531 veste
1098 1504 1121 1530 a
1152 1498 1326 1548 pectore
1358 1488 1555 1543 discissa,
1585 1489 1814 1531 invocavit.

464 1567 744 1612 Existimatur
777 1566 903 1610 etiam
937 1576 1151 1626 equestres
1183 1583 1333 1610 census
1358 1565 1574 1627 pollicitus
1603 1565 1781 1627 singulis
1806 1583 1815 1609 :

465 1646 581 1707 quod
610 1646 764 1691 accidit
793 1647 996 1708 opinione
1027 1646 1143 1691 falsa.
1174 1648 1284 1690 Nam
1319 1663 1452 1707 quum
1482 1648 1526 1689 in
1559 1645 1818 1706 alloquendo

464 1726 816 1785 exhortandoque
853 1728 1004 1787 saepius
1045 1726 1226 1787 digitum
1265 1726 1377 1770 laevae
1413 1742 1564 1769 manus
1601 1735 1819 1768 ostentans

465 1803 697 1847 affirmaret
713 1839 724 1861 ,
767 1821 810 1848 se
848 1805 900 1848 ad
942 1805 1288 1848 satisfaciendum
1330 1805 1554 1860 omnibus,
1594 1821 1672 1865 per
1712 1821 1819 1864 quos

465 1882 719 1943 dignitatem
737 1900 857 1926 suam
874 1883 1125 1927 defensurus
1141 1893 1268 1939 esset,
1285 1882 1496 1927 annulum
1511 1899 1684 1943 quoque
1697 1899 1819 1942 aequo

465 1962 610 2004 animo
644 1961 938 2006 detracturum
975 1963 1082 2017 sibi3
1117 1972 1308 2006 extrema
1342 1963 1519 2016 concio,
1551 1963 1620 2004 cui
1654 1961 1820 2005 facilius

464 2049 555 2083 crat
578 2039 722 2083 videre
745 2042 1092 2095 concionantem,
1118 2057 1247 2100 quam
1272 2041 1439 2096 audire,
1464 2056 1543 2100 pro
1568 2040 1682 2083 dicto
1705 2057 1823 2084 accc-

466 2118 548 2178 pit,
573 2118 688 2177 quod
710 2119 803 2162 visu
827 2120 1123 2179 suspicabatur
1144 2136 1153 2162 :
1180 2120 1526 2180 promissumque
1547 2120 1616 2178 jus
1638 2118 1821 2162 annulo-

465 2212 562 2240 rum
586 2213 685 2240 cum
709 2197 897 2241 millibus
922 2197 1252 2259 quadringenis,
1276 2198 1388 2241 fama
1415 2197 1594 2241 distulit.

527 2277 731 2320 XXXIV.
772 2276 894 2320 Ordo
919 2286 960 2320 et
986 2294 1150 2320 summa
1175 2294 1341 2332 rerum,
1370 2293 1476 2336 quas
1500 2276 1702 2337 deinceps
1728 2293 1821 2337 ges-

467 2355 542 2410 sit,
571 2355 630 2397 sic
653 2371 696 2397 se
724 2355 897 2399 habent.
922 2357 1150 2414 Picenum,
1174 2356 1423 2411 Umbriam,
1450 2356 1672 2398 Etruriam
1697 2372 1823 2399 occu-

467 2434 584 2493 pavit
611 2450 620 2476 ε
648 2443 690 2477 et
720 2435 769 2477 L.
798 2436 1015 2491 Domitio,
1049 2437 1122 2495 qui
1159 2452 1236 2494 per
1268 2433 1504 2478 tumultum
1535 2450 1755 2478 successor
1784 2435 1822 2477 ei

466 2513 738 2566 nominatus,
767 2513 1007 2557 Corfinium
1033 2514 1230 2574 praesidio
1259 2513 1449 2569 tenebat,
1484 2514 1526 2555 in
1561 2512 1822 2555 deditionem

467 2590 637 2634 redacto
664 2601 792 2651 atque
819 2593 1012 2647 dimisso,
1038 2592 1275 2636 secundum
1301 2594 1514 2652 Superum
1544 2607 1661 2636 mare
1681 2593 1821 2634 Brun-
