1988 3439
636 283 672 315 C.
704 278 875 315 JULIUS
905 279 1082 314 CAESAR.
1500 281 1544 315 25

182 380 205 406 a
231 364 338 407 mari
364 380 521 424 supero
540 382 614 425 per
625 363 845 425 Apennini
869 362 1045 406 dorsum
1070 362 1124 406 ad
1152 364 1339 407 Tiberim
1377 382 1511 425 usquc
1535 383 1543 407 :

182 442 407 503 perfodere
430 443 646 486 Isthmum
668 459 676 485 :
697 444 860 499 Dacos,
879 443 954 503 qui
974 460 1018 486 se
1036 443 1080 486 in
1098 444 1291 486 Pontum
1315 460 1391 504 per
1414 445 1545 488 Thra-

181 524 291 567 ciam
314 522 582 577 esfuderant,
609 539 809 567 coercere
835 540 844 566 :
871 539 972 566 mox
992 523 1165 567 Parthis
1193 522 1353 567 inferre
1383 523 1543 567 bellum

181 620 260 664 per
282 603 532 648 Armeniam
567 603 808 657 minorem,
835 619 938 659 nec,
968 603 1050 646 nisi
1086 612 1188 646 ante
1220 612 1448 663 expertos,
1478 621 1547 664 ag-

180 683 299 744 gredi
338 682 503 743 proelio.
541 682 662 726 Talia
700 693 898 744 agentem
941 693 1070 743 atque
1108 683 1390 727 meditantem
1427 700 1545 727 mors

180 764 385 823 praevenit
412 780 420 806 :
447 763 500 806 de
534 780 621 823 qua
653 765 906 824 priusquam
936 762 1104 819 dicam,
1141 779 1216 819 ea,
1243 780 1338 824 quae
1373 763 1426 806 ad
1464 763 1546 807 for-

180 859 323 898 mam,
356 852 397 887 et
439 843 664 899 habitum,
692 853 735 887 et
762 842 930 887 cultum
949 876 960 898 ,
998 852 1041 886 et
1074 859 1235 899 mores,
1266 859 1344 887 nec
1378 843 1544 899 minus,

178 939 272 984 quae
313 922 366 967 ad
408 923 554 967 civilia
582 934 623 967 et
661 922 814 967 bellica
848 924 940 984 ejus
981 922 1123 968 studia
1156 924 1427 983 pertineant,
1459 940 1545 966 non

178 1001 368 1046 alienum
396 1004 478 1046 erit
504 1005 751 1047 summatim
781 1020 1008 1064 exponere.

238 1084 373 1126 XLV.
410 1084 560 1127 Fuisse
599 1083 786 1127 traditur
829 1082 992 1128 excelsa
1036 1093 1226 1138 statura,
1264 1084 1409 1127 colore
1447 1099 1548 1127 can·

178 1161 306 1218 dido,
343 1163 552 1207 teretibus
594 1164 826 1219 membris,
868 1180 943 1207 ore
983 1163 1112 1224 paulo
1153 1162 1370 1223 pleniore,
1412 1163 1546 1223 nigris

178 1244 423 1303 vegetisque
450 1243 609 1298 oculis,
638 1242 886 1286 valetudine
918 1259 1152 1303 prospera,
1179 1243 1260 1285 nisi
1291 1241 1407 1301 quod
1436 1252 1545 1285 tcm-

178 1339 284 1383 pore
318 1333 511 1367 extremo
544 1333 721 1383 repente
757 1324 902 1365 animo
938 1322 1100 1381 linqui,
1140 1332 1268 1381 atquc
1303 1322 1433 1365 ctiam
1471 1338 1548 1381 per

179 1419 379 1446 somnum
408 1404 615 1446 exterreri
643 1401 821 1446 solebat.
850 1401 1071 1446 Comitiali
1099 1418 1273 1461 quoque
1302 1401 1454 1444 morbo
1483 1401 1548 1443 bis

179 1483 293 1526 inter
321 1499 386 1526 res
419 1483 605 1544 agendas
638 1492 864 1543 correptus
898 1491 971 1525 est.
1006 1483 1132 1525 Circa
1167 1482 1363 1541 corporis
1399 1497 1548 1524 curam

179 1564 413 1619 morosior,
445 1574 493 1607 ut
521 1580 608 1607 non
638 1563 777 1607 solum
809 1563 1062 1606 tonderetur
1089 1560 1321 1622 diligenter
1347 1578 1397 1604 ac
1425 1560 1548 1604 rade·

179 1653 320 1697 retur,
346 1644 419 1688 sed
444 1643 679 1688 velleretur
702 1645 856 1700 etiam,
881 1653 928 1687 ut
950 1643 1128 1703 quidam
1151 1642 1549 1703 exprobraverunt;

180 1723 340 1768 calvitii
373 1741 473 1768 vero
503 1724 824 1768 deformitatem
854 1725 1124 1784 iniquissime
1153 1722 1307 1779 ferret,
1335 1739 1444 1783 saepe
1471 1722 1548 1766 ob-

182 1814 464 1849 trectatorum
495 1806 603 1865 jocis
635 1806 867 1849 obnoxiam
898 1815 1115 1865 expertus.
1150 1803 1341 1863 Ideoque
1369 1813 1411 1846 ct
1447 1803 1551 1846 defi-

180 1887 367 1929 cientem
394 1885 598 1946 capillum
627 1902 832 1930 revocare
868 1903 891 1929 a
926 1887 1086 1930 vertice
1121 1894 1393 1941 assueverat,
1426 1895 1468 1928 et
1502 1901 1552 1928 ex

180 1966 380 2009 omnibus
415 1966 598 2010 decretis
632 1966 712 2009 sibi
749 1983 772 2009 a
809 1975 961 2009 senatu
998 1964 1249 2026 populoque
1283 1965 1550 2017 honoribus,

181 2062 269 2090 non
295 2044 414 2090 aliud
440 2056 516 2090 aut
540 2047 702 2107 recepit
721 2057 797 2090 aut
823 2047 1049 2107 usurpavit
1073 2045 1298 2099 libentius,
1323 2061 1453 2105 quam
1482 2047 1552 2104 jus

181 2125 336 2170 laureae
350 2143 521 2171 coronae
535 2137 746 2189 perpetuo
764 2126 994 2188 gestandae.
1013 2127 1156 2171 Etiam
1180 2124 1301 2170 cultu
1317 2123 1552 2168 notabilem

183 2206 338 2250 ferunt.
368 2210 509 2252 Usum
535 2209 651 2252 enim
678 2207 764 2251 lato
791 2207 914 2251 clavo
938 2207 991 2251 ad
1021 2223 1175 2251 manus
1204 2205 1448 2261 fimbriato,
1475 2221 1554 2247 nec

183 2297 230 2330 ut
261 2303 455 2347 unquam
485 2287 611 2331 aliter
644 2305 774 2347 quam
802 2304 933 2347 super
962 2304 1060 2331 eum
1092 2288 1361 2348 cingeretur,
1391 2294 1434 2328 et
1462 2283 1554 2345 qui-

183 2367 279 2410 dem
317 2366 497 2410 fluxiore
533 2367 744 2409 cinctura.
778 2366 908 2408 Unde
943 2382 1165 2409 emanasse
1198 2363 1326 2408 Sullae
1359 2363 1552 2417 dictum,

183 2449 415 2508 optimates
434 2447 589 2507 saepius
607 2445 905 2500 admonentis,
924 2455 1002 2487 «ut
1019 2443 1129 2487 male
1150 2445 1432 2504 praecinctum
1452 2459 1553 2502 puc-

183 2544 281 2571 rum
307 2537 557 2571 caverent.»

246 2609 401 2652 XLVI.
440 2607 663 2650 Habitavit
692 2609 834 2668 primo
866 2609 908 2650 in
938 2607 1109 2650 Subura
1142 2603 1321 2648 modicis
1352 2603 1514 2647 aedibus
1543 2620 1551 2644 ς

186 2699 282 2750 post
314 2698 458 2732 autem
489 2687 791 2748 pontificatum
824 2689 1058 2730 maximum
1095 2688 1137 2728 in
1169 2701 1286 2728 sacra
1323 2685 1389 2726 via
1425 2681 1554 2725 domo
