1971 3342
446 251 520 285 216
983 253 1020 287 C.
1051 253 1281 289 SUETONII

443 338 624 381 cationis
648 337 900 398 Pompeiani
928 337 1110 392 theatri,
1133 337 1250 397 quod
1275 336 1520 380 ambustum
1546 339 1808 395 restituerat,

442 436 468 461 e
502 419 709 463 tribunali
743 420 883 480 posito
917 419 960 462 in
989 417 1207 461 orchestra
1243 417 1477 474 commisit,
1518 433 1652 477 quum
1691 419 1810 478 prius

441 498 558 559 apud
584 499 826 560 superiores
852 497 963 542 aedes
987 497 1295 558 supplicasset,
1331 513 1494 559 perque
1521 497 1710 541 mediam
1739 514 1809 542 ca-

440 595 589 636 veam,
627 578 876 624 sedentibus
915 595 965 622 ac
1005 576 1230 622 silentibus
1273 581 1460 635 cunctis,
1504 575 1804 622 descendisset.

439 661 556 704 Fecit
595 669 637 705 et
676 658 910 715 seculares,
949 659 1071 719 quasi
1106 659 1366 720 anticipatos
1391 657 1445 702 ab
1476 660 1698 720 Augusto,
1728 675 1807 703 nec

438 738 632 800 legitimo
659 741 842 801 tempori
876 748 1148 784 reservatos:
1187 739 1385 799 quamvis
1414 739 1506 800 ipse
1539 740 1583 782 in
1614 738 1805 782 historiis

438 821 525 863 suis
557 820 738 880 prodat,
775 821 1084 864 «intermissos
1119 836 1192 863 eos
1225 822 1469 880 Augustum
1504 818 1642 864 multo
1675 829 1804 880 post,

437 899 762 961 diligentissime
792 917 1006 944 annorum
1039 901 1208 944 ratione
1245 900 1481 954 subducta,
1518 902 1562 944 in
1603 900 1801 945 ordinem

435 980 708 1042 redegisse.»
746 983 896 1038 Quare
932 998 1015 1025 vox
1046 981 1256 1042 praeconis
1291 981 1414 1024 irrisa
1456 990 1542 1038 est,
1579 981 1803 1025 invitantis

434 1077 553 1104 more
577 1061 776 1105 sollemni
800 1061 854 1104 ad
872 1060 1018 1116 ludos,
1036 1080 1055 1101 «
1071 1077 1179 1120 quos
1206 1077 1281 1104 nec
1302 1068 1535 1121 spectasset
1556 1061 1801 1120 quisquam,

433 1157 513 1183 nec
549 1150 824 1200 spectaturus
857 1150 990 1194 esset;
1010 1160 1030 1180 »
1057 1156 1195 1199 quum
1227 1148 1502 1200 superessent
1527 1139 1690 1196 adhuc,
1728 1141 1802 1199 qui

432 1229 762 1280 spectaverant,
807 1230 849 1264 et
888 1220 1066 1280 quidam
1101 1220 1389 1276 histrionum,
1430 1219 1630 1280 producti
1671 1219 1801 1277 olim,

431 1310 536 1344 tunc
563 1318 739 1361 quoque
766 1300 1128 1361 producerentur.
1150 1301 1374 1346 Circenses
1402 1299 1649 1360 frequenter
1669 1301 1799 1345 etiam

429 1383 474 1424 in
498 1382 713 1425 Vaticano
738 1382 974 1438 commisit,
1004 1398 1322 1442 nonnunquam
1348 1381 1573 1441 interjecta
1602 1398 1679 1443 per
1704 1383 1801 1442 qui-

428 1478 507 1504 nos
545 1462 699 1505 missus
737 1462 980 1504 venatione.
1021 1462 1150 1505 Circo
1186 1478 1288 1504 vero
1324 1461 1513 1505 maximo
1544 1463 1798 1506 marmoreis

427 1542 693 1598 carceribus,
719 1542 968 1601 auratisque
989 1543 1135 1597 metis,
1161 1558 1254 1601 quae
1279 1551 1462 1601 utraque
1486 1551 1529 1585 et
1547 1542 1727 1602 tophina
1749 1558 1799 1586 ac

426 1619 566 1681 lignea
590 1631 715 1665 antea
744 1621 935 1678 fuerant,
964 1621 1160 1678 exculto,
1188 1623 1365 1682 propria
1390 1621 1663 1666 senatoribus
1692 1639 1798 1666 con-

426 1701 567 1744 stituit
601 1701 718 1757 loca,
758 1703 1004 1761 promiscue
1040 1712 1233 1762 spectare
1267 1700 1416 1744 solitis.
1451 1704 1513 1745 Ac
1538 1718 1668 1763 super
1693 1718 1800 1762 qua-

425 1780 646 1840 drigarum
668 1783 905 1825 certamina
928 1782 1066 1841 Trojae
1093 1780 1237 1825 lusum
1256 1781 1469 1839 exhibuit,
1490 1790 1531 1825 et
1553 1782 1797 1839 Africanas,

424 1862 678 1905 conficiente
703 1871 844 1905 turma
872 1862 1068 1922 equitum
1095 1862 1478 1922 praetorianorum,
1508 1861 1691 1905 ducibus
1718 1864 1797 1905 tri-

422 1941 566 1998 bunis,
591 1943 772 2002 ipsoque
795 1942 996 2002 praefecto
1014 1959 1021 1985 :
1049 1951 1259 2001 praeterea
1280 1939 1488 1984 thessalos
1509 1941 1696 2001 equites,
1718 1943 1794 2001 qui

422 2021 536 2065 feros
563 2032 711 2066 tauros
742 2040 818 2082 per
845 2024 983 2083 spatia
1011 2023 1129 2065 Circi
1162 2030 1317 2081 agunt,
1344 2018 1628 2081 insiliuntque
1655 2021 1795 2065 defes-

422 2120 511 2156 sos,
528 2113 570 2145 et
589 2102 643 2145 ad
658 2112 816 2146 terram
832 2102 1037 2146 cornibus
1058 2100 1306 2145 detrahunt.
1328 2101 1599 2146 Gladiatoria
1614 2119 1795 2147 munera

421 2181 692 2241 plurifariam
733 2198 781 2224 ac
824 2180 1083 2241 multiplicia
1119 2181 1340 2237 exhibuit3
1376 2183 1721 2226 anniversarium
1749 2184 1793 2226 in

421 2262 571 2304 castris
597 2262 887 2321 praetorianis,
917 2262 1008 2304 sine
1034 2262 1262 2305 venatione
1286 2272 1607 2323 apparatuque3
1625 2263 1791 2323 justum

420 2352 552 2401 atque
584 2340 824 2401 legitimum
858 2342 898 2384 in
927 2341 1094 2401 Septis;
1134 2341 1293 2385 ibidem
1328 2342 1722 2386 extraordinarium
1748 2353 1792 2387 et

419 2423 570 2477 breve,
603 2421 859 2481 dierumque
883 2438 1147 2481 paucorum,
1178 2421 1383 2483 quodque
1411 2422 1630 2483 appellare
1661 2424 1789 2483 coepit

417 2503 685 2564 aporlulam,
723 2504 825 2561 quia
863 2503 1050 2562 primum
1086 2501 1268 2545 daturus
1299 2502 1511 2558 edixerat,
1546 2502 1698 2546 «velut
1735 2503 1788 2546 ad

419 2583 606 2625 subitam
635 2582 968 2642 condictamque
993 2580 1206 2624 coenulam
1233 2582 1419 2626 invitare
1447 2599 1491 2626 se
1518 2581 1742 2642 populum.
1767 2603 1786 2623 n

419 2662 507 2705 Nee
550 2662 637 2705 ullo
678 2662 912 2723 spectaculi
947 2679 1102 2723 genere
1143 2665 1419 2707 communior
1454 2674 1528 2707 aut
1569 2665 1787 2710 remissior
