1971 3342
395 253 417 299 ij
982 249 1189 287 NOTITIA

408 333 642 378 dilexerit*
690 350 699 376 ε
744 352 764 374 c<
794 333 1054 377 Suetonium
1087 331 1396 392 Tranquillum
1442 330 1774 393 probissimum,

403 413 778 469 honestissimum,
806 412 1208 456 emendatissimum
1236 412 1400 467 virum,
1434 421 1478 454 et
1513 426 1657 455 mores
1682 411 1776 471 ejus

402 504 574 538 secutus
603 503 646 537 et
668 492 811 536 studia
829 490 1089 553 jampridem
1105 525 1116 547 ,
1142 491 1185 534 in
1206 491 1547 535 contubernium
1572 491 1776 546 assu1nsi;

403 583 613 634 tantoque
640 573 777 634 magis
804 571 985 632 diligere
1003 571 1135 631 coepi,
1158 580 1325 630 quanto
1353 572 1534 631 propius
1560 571 1779 631 inspexi.»

469 655 736 714 Quanquam
764 653 855 696 sine
870 651 1025 695 ¹liberis
1050 650 1155 704 fuit,
1180 652 1229 695 C.
1250 649 1381 694 Plinii
1406 652 1546 711 gratia
1573 661 1617 695 et
1645 652 1781 694 inter-

407 733 599 777 cessione
628 749 651 776 a
674 732 866 792 Trajano
892 732 1083 775 obtinuit
1092 730 1180 789 jus
1207 731 1339 774 triam
1363 730 1619 785 liberorum,
1648 731 1692 774 h.
1723 746 1782 786 e.‚

407 813 706 856 immunitates
741 812 901 871 quibus
933 810 1017 855 frui
1052 810 1239 854 dabatur
1277 810 1583 854 tantummodo
1616 811 1785 855 civibus

408 893 485 953 qui
512 902 598 936 tres
629 890 787 935 liberos
809 890 1043 935 habebant.
1598 889 1602 894 ’

470 971 615 1017 Multa
653 972 815 1032 scripta
852 973 902 1015 C.
942 971 1175 1015 Suetonius
1214 970 1493 1032 Tranquillus
1514 971 1786 1032 composuit,

408 1068 597 1113 quorum
620 1049 834 1095 nonnulla
860 1060 1054 1106 exstant3
1079 1050 1218 1095 multo
1242 1050 1368 1112 plura
1397 1051 1787 1095 interciderunt**.

410 1132 655 1176 Praesertim
683 1148 788 1174 vero
816 1131 1009 1174 innotuit
1034 1130 1148 1174 libro
1178 1132 1231 1175 de
1254 1133 1342 1175 vita
1369 1148 1434 1176 ΧΠ
1464 1134 1701 1175 Caesarnm.

473 1210 603 1271 Apud
644 1227 774 1271 quem
812 1210 991 1253 minime
1028 1210 1262 1270 quaerenda
1303 1210 1372 1255 vel
1412 1212 1458 1254 in
1503 1210 1791 1255 describendo

412 1291 526 1336 Livii
552 1291 780 1351 majestas,
806 1289 871 1333 vel
890 1290 1032 1333 Taciti
1057 1292 1249 1350 gravitas
1269 1291 1313 1333 in
1333 1290 1516 1335 dicendo
1539 1308 1548 1334 :
1575 1289 1658 1334 illae
1679 1291 1794 1334 enim

415 1370 524 1414 adeo
561 1370 729 1412 eximiae
764 1369 887 1412 dotes
915 1385 1050 1429 quum
1087 1386 1111 1413 a
1148 1370 1345 1414 Suetonii
1380 1370 1581 1431 ingenio,
1616 1379 1710 1413 tum
1739 1370 1794 1413 ab

415 1450 558 1510 operis
582 1450 810 1510 proposito
834 1450 1000 1509 pariter
1028 1447 1179 1493 alienae
1209 1449 1337 1494 fuisse
1364 1449 1587 1495 videntur.
1616 1450 1796 1511 Quippe

413 1530 458 1572 in
486 1529 753 1590 exponendis
774 1529 904 1573 rebus
928 1528 1201 1586 domesticis,
1229 1530 1517 1591 pingendisve
1546 1530 1797 1591 principum

419 1609 613 1653 moribus
641 1607 778 1652 multo
805 1609 941 1670 magis
961 1619 1226 1670 occupatus,
1244 1627 1376 1670 quam
1406 1611 1449 1654 in
1474 1610 1703 1654 narrandis
1731 1626 1798 1654 re-

416 1689 497 1732 bus
523 1687 696 1749 publice
721 1690 880 1750 gestis,
905 1706 993 1733 non
1017 1689 1247 1733 historiam
1264 1691 1453 1751 suscepit
1478 1690 1684 1734 omnibus
1710 1691 1798 1734 suis

416 1770 608 1814 numeris
644 1769 981 1826 absolvendam3
1019 1779 1063 1813 at
1100 1771 1247 1831 potius
1282 1771 1618 1814 commentarios
1645 1770 1800 1814 condi-

419 1849 510 1905 dit,
544 1850 588 1892 in
625 1850 785 1910 quibus
817 1848 999 1894 collecta
1037 1849 1305 1911 relinqueret
1338 1867 1433 1910 quae
1467 1851 1651 1894 historia
1684 1848 1804 1893 velut

422 1946 500 1973 sua
537 1929 748 1990 dignitate
783 1930 991 1974 inferiora
1024 1947 1114 1974 non
1155 1930 1342 1974 libenter
1377 1931 1636 1974 admisisset.
1679 1931 1803 1987 Quos

423 2008 526 2052 dum
562 2009 886 2070 pervolvimuS,
924 2010 1168 2054 cavendnm
1204 2027 1307 2054 sane
1336 2027 1360 2054 a
1393 2011 1528 2053 nimia
1561 2009 1804 2053 multorum

424 2087 714 2132 admiratione
738 2091 814 2149 qui
841 2089 1071 2134 sollicitam
1091 2091 1184 2151 ejus
1210 2089 1262 2133 de
1287 2091 1468 2151 privatis
1496 2089 1627 2134 rebus
1653 2105 1805 2133 curam

422 2169 530 2212 tanti
563 2168 756 2226 faciunt,
783 2179 831 2213 ut
861 2187 1017 2231 parum
1049 2170 1223 2226 absint,
1251 2171 1358 2231 quin
1391 2171 1556 2231 primas
1593 2169 1806 2215 Suetonio

421 2246 579 2292 latinos
604 2250 715 2293 inter
742 2250 972 2294 historicos
1007 2251 1253 2311 assignent3
1278 2266 1359 2294 nec
1386 2251 1530 2294 minus
1555 2266 1580 2294 a
1612 2246 1806 2294 nonnul-

422 2325 634 2371 lorum***
662 2329 779 2373 haud
804 2330 893 2374 scio
925 2347 980 2374 an
1016 2330 1157 2374 dicam
1187 2329 1417 2389 injustitia.
1443 2328 1639 2387 Quidam
1667 2328 1806 2383 euim,

479 2481 493 2495 *
521 2482 668 2528 Epist„
688 2494 729 2527 x,
759 2481 820 2529 95.

479 2550 512 2565 ¹⁵*
539 2549 635 2584 Vide
664 2549 778 2594 infra,
810 2550 938 2597 Opera
964 2548 1167 2596 deperdita.

474 2619 523 2633 ***
543 2618 598 2653 Cf.
619 2618 766 2654 ,Iudicia
792 2625 834 2653 et⁴
852 2616 1083 2652 Testimonia
1104 2616 1342 2652 eruditorum
1374 2617 1421 2652 de
1447 2616 1631 2653 Suetonio
1659 2625 1695 2653 et
1725 2617 1804 2664 ejus
